<?xml version="1.0" encoding="UTF-8"?>
<!DOCTYPE html PUBLIC "-//W3C//DTD XHTML 1.0 Transitional//EN"
    "http://www.w3.org/TR/xhtml1/DTD/xhtml1-transitional.dtd">
<html xmlns="http://www.w3.org/1999/xhtml" xml:lang="en" lang="en">
 <head>
  <title>
</title>
<meta http-equiv="Content-Type" content="text/html;charset=utf-8" />
  <meta name='ocr-system' content='tesseract 3.04.00' />
  <meta name='ocr-capabilities' content='ocr_page ocr_carea ocr_par ocr_line ocrx_word'/>
</head>
<body>
  <div class='ocr_page' id='page_1' title='image "./regestahistoria00raumgoog_0071.png"; bbox 0 0 4492 5954; ppageno 0'>
   <div class='ocr_carea' id='block_1_1' title="bbox 851 278 2064 370">
    <p class='ocr_par' dir='ltr' id='par_1_1' title="bbox 851 278 2064 370">
     <span class='ocr_line' id='line_1_1' title="bbox 851 278 2064 370; baseline -0.003 -2"><span class='ocrx_word' id='word_1_1' title='bbox 851 288 965 370; x_wconf 83' lang='lat' dir='ltr'>der</span> <span class='ocrx_word' id='word_1_2' title='bbox 993 283 1358 368; x_wconf 70' lang='lat' dir='ltr'>Nordmerla</span> <span class='ocrx_word' id='word_1_3' title='bbox 1989 278 2064 365; x_wconf 79' lang='lat' dir='ltr'>ul</span> 
     </span>
    </p>
   </div>
   <div class='ocr_carea' id='block_1_2' title="bbox 712 639 1183 702">
    <p class='ocr_par' dir='ltr' id='par_1_2' title="bbox 712 639 1183 702">
     <span class='ocr_line' id='line_1_2' title="bbox 712 639 1183 702; baseline -0.006 0"><span class='ocrx_word' id='word_1_4' title='bbox 712 639 854 702; x_wconf 87' lang='lat' dir='ltr'>debendo</span> <span class='ocrx_word' id='word_1_5' title='bbox 877 640 1079 702; x_wconf 87' lang='lat' dir='ltr'>sociarentur</span> <span class='ocrx_word' id='word_1_6' title='bbox 1100 648 1183 700; x_wconf 77' lang='lat' dir='ltr'>etc.&#39;</span> 
     </span>
    </p>
   </div>
   <div class='ocr_carea' id='block_1_3' title="bbox 625 724 2064 882">
    <p class='ocr_par' dir='ltr' id='par_1_3' title="bbox 625 724 2064 882">
     <span class='ocr_line' id='line_1_3' title="bbox 625 724 2064 809; baseline 0.002 -19"><span class='ocrx_word' id='word_1_7' title='bbox 625 724 626 728; x_wconf 27' lang='lat'>¹</span> <span class='ocrx_word' id='word_1_8' title='bbox 749 736 852 794; x_wconf 76' lang='lat' dir='ltr'>cumn.</span> <span class='ocrx_word' id='word_1_9' title='bbox 871 735 944 792; x_wconf 75' lang='lat' dir='ltr'>Saxo</span> <span class='ocrx_word' id='word_1_10' title='bbox 964 754 995 791; x_wconf 85' lang='lat' dir='ltr'>ro</span> <span class='ocrx_word' id='word_1_11' title='bbox 1013 737 1074 793; x_wconf 74' lang='lat' dir='ltr'>aba.</span> <span class='ocrx_word' id='word_1_12' title='bbox 1112 732 1214 794; x_wconf 75' lang='lat' dir='ltr'>Cliton.</span> <span class='ocrx_word' id='word_1_13' title='bbox 1232 732 1318 807; x_wconf 78' lang='lat' dir='ltr'>lllsgd.</span> <span class='ocrx_word' id='word_1_14' title='bbox 1337 731 1463 791; x_wconf 78' lang='lat' dir='ltr'>lleilrom.</span> <span class='ocrx_word' id='word_1_15' title='bbox 1497 730 1590 791; x_wconf 84' lang='lat' dir='ltr'>Ueber</span> <span class='ocrx_word' id='word_1_16' title='bbox 1606 730 1696 791; x_wconf 75' lang='lat' dir='ltr'>Posce</span> <span class='ocrx_word' id='word_1_17' title='bbox 1713 753 1737 794; x_wconf 80' lang='lat' dir='ltr'>r.</span> <span class='ocrx_word' id='word_1_18' title='bbox 1754 731 2064 809; x_wconf 67' lang='lat' dir='ltr'>fdmxtrcbcogma.</span> 
     </span>
     <span class='ocr_line' id='line_1_4' title="bbox 743 803 1408 882; baseline -0.005 -19"><span class='ocrx_word' id='word_1_19' title='bbox 743 806 796 863; x_wconf 81' lang='lat' dir='ltr'>des</span> <span class='ocrx_word' id='word_1_20' title='bbox 815 806 990 882; x_wconf 79' lang='lat' dir='ltr'>Kdoigreiclrs</span> <span class='ocrx_word' id='word_1_21' title='bbox 1008 804 1093 864; x_wconf 77' lang='lat' dir='ltr'>Polou</span> <span class='ocrx_word' id='word_1_22' title='bbox 1116 805 1168 864; x_wconf 88' lang='lat' dir='ltr'>Bd.</span> <span class='ocrx_word' id='word_1_23' title='bbox 1189 808 1212 863; x_wconf 92' lang='lat'>1.</span> <span class='ocrx_word' id='word_1_24' title='bbox 1237 826 1263 882; x_wconf 92' lang='lat' dir='ltr'>p.</span> <span class='ocrx_word' id='word_1_25' title='bbox 1282 809 1327 863; x_wconf 84' lang='lat'>90.</span> <span class='ocrx_word' id='word_1_26' title='bbox 1344 803 1408 879; x_wconf 74' lang='lat' dir='ltr'>lclg.</span> 
     </span>
    </p>
   </div>
   <div class='ocr_carea' id='block_1_4' title="bbox 535 909 2064 1101">
    <p class='ocr_par' dir='ltr' id='par_1_4' title="bbox 471 909 2064 1101">
     <span class='ocr_line' id='line_1_5' title="bbox 535 909 2064 998; baseline -0.027 1.272"><span class='ocrx_word' id='word_1_27' title='bbox 535 950 680 990; x_wconf 84' lang='grc'><strong><em>·........</em></strong></span> <span class='ocrx_word' id='word_1_28' title='bbox 775 915 841 978; x_wconf 82' lang='lat' dir='ltr'>Dic</span> <span class='ocrx_word' id='word_1_29' title='bbox 864 913 1062 998; x_wconf 82' lang='lat' dir='ltr'>Schenkung</span> <span class='ocrx_word' id='word_1_30' title='bbox 1083 915 1140 977; x_wconf 83' lang='lat' dir='ltr'>der</span> <span class='ocrx_word' id='word_1_31' title='bbox 1160 915 1260 978; x_wconf 85' lang='lat' dir='ltr'>Abtei</span> <span class='ocrx_word' id='word_1_32' title='bbox 1282 913 1434 998; x_wconf 78' lang='lat' dir='ltr'>Anger-io</span> <span class='ocrx_word' id='word_1_33' title='bbox 1456 909 1613 994; x_wconf 70' lang='lat' dir='ltr'>(Bdbmer</span> <span class='ocrx_word' id='word_1_34' title='bbox 1626 909 1704 992; x_wconf 84' lang='lat'><strong>350)</strong></span> <span class='ocrx_word' id='word_1_35' title='bbox 1726 931 1769 975; x_wconf 63' lang='lat' dir='ltr'>an</span> <span class='ocrx_word' id='word_1_36' title='bbox 1790 911 1991 996; x_wconf 77' lang='lat' dir='ltr'>Magdeburg</span> <span class='ocrx_word' id='word_1_37' title='bbox 2012 915 2064 976; x_wconf 65' lang='lat' dir='ltr'>ba</span> 
     </span>
     <span class='ocr_line' id='line_1_6' title="bbox 598 998 2049 1101; baseline -0.006 -31"><span class='ocrx_word' id='word_1_38' title='bbox 598 1092 605 1101; x_wconf 27' lang='grc' dir='ltr'>ι</span> <span class='ocrx_word' id='word_1_39' title='bbox 643 1084 648 1093; x_wconf 29' lang='lat'>¹</span> <span class='ocrx_word' id='word_1_40' title='bbox 695 1004 790 1095; x_wconf 81' lang='lat' dir='ltr'>¹trillt</span> <span class='ocrx_word' id='word_1_41' title='bbox 806 1001 898 1066; x_wconf 83' lang='lat' dir='ltr'>nicht</span> <span class='ocrx_word' id='word_1_42' title='bbox 912 1004 1051 1085; x_wconf 82' lang='lat' dir='ltr'>Angern</span> <span class='ocrx_word' id='word_1_43' title='bbox 1064 1003 1110 1081; x_wconf 84' lang='lat' dir='ltr'>im</span> <span class='ocrx_word' id='word_1_44' title='bbox 1124 999 1449 1086; x_wconf 73' lang='lat' dir='ltr'>Magdeburgischeu,</span> <span class='ocrx_word' id='word_1_45' title='bbox 1471 1000 1613 1063; x_wconf 86' lang='lat' dir='ltr'>sondern</span> <span class='ocrx_word' id='word_1_46' title='bbox 1623 998 1757 1085; x_wconf 82' lang='lat' dir='ltr'>Engern</span> <span class='ocrx_word' id='word_1_47' title='bbox 1771 998 2049 1086; x_wconf 83' lang='lat' dir='ltr'>inWastphalen.</span> 
     </span>
    </p>
   </div>
   <div class='ocr_carea' id='block_1_5' title="bbox 744 1097 1564 1343">
    <p class='ocr_par' dir='ltr' id='par_1_5' title="bbox 744 1097 1564 1343">
     <span class='ocr_line' id='line_1_7' title="bbox 744 1097 1470 1177; baseline -0.004 -18"><span class='ocrx_word' id='word_1_48' title='bbox 744 1123 769 1160; x_wconf 84' lang='lat' dir='ltr'>a.</span> <span class='ocrx_word' id='word_1_49' title='bbox 787 1099 921 1160; x_wconf 85' lang='lat' dir='ltr'>Wersebe</span> <span class='ocrx_word' id='word_1_50' title='bbox 941 1098 1015 1158; x_wconf 79' lang='lat' dir='ltr'>&#39;Gaue</span> <span class='ocrx_word' id='word_1_51' title='bbox 1032 1119 1061 1177; x_wconf 84' lang='lat' dir='ltr'>p.</span> <span class='ocrx_word' id='word_1_52' title='bbox 1081 1101 1140 1156; x_wconf 78' lang='lat' dir='ltr'>tlt.</span> <span class='ocrx_word' id='word_1_53' title='bbox 1175 1097 1274 1158; x_wconf 79' lang='lat' dir='ltr'>Riedel</span> <span class='ocrx_word' id='word_1_54' title='bbox 1290 1097 1365 1157; x_wconf 75' lang='lat' dir='ltr'>lieri</span> <span class='ocrx_word' id='word_1_55' title='bbox 1384 1102 1409 1169; x_wconf 79' lang='lat' dir='ltr'>l,</span> <span class='ocrx_word' id='word_1_56' title='bbox 1429 1099 1470 1156; x_wconf 83' lang='lat'>19.</span> 
     </span>
     <span class='ocr_line' id='line_1_8' title="bbox 1209 1255 1564 1343; baseline -0.006 -2"><span class='ocrx_word' id='word_1_57' title='bbox 1209 1255 1327 1343; x_wconf 76' lang='grc'>968</span> <span class='ocrx_word' id='word_1_58' title='bbox 1355 1257 1410 1332; x_wconf 73' lang='lat' dir='ltr'>bis</span> <span class='ocrx_word' id='word_1_59' title='bbox 1437 1256 1564 1340; x_wconf 66' lang='lat'>924.</span> 
     </span>
    </p>
   </div>
   <div class='ocr_carea' id='block_1_6' title="bbox 363 1423 2065 1759">
    <p class='ocr_par' dir='ltr' id='par_1_6' title="bbox 363 1423 2065 1759">
     <span class='ocr_line' id='line_1_9' title="bbox 547 1423 2065 1513; baseline 0.002 -23"><span class='ocrx_word' id='word_1_60' title='bbox 547 1474 564 1490; x_wconf 86' lang='lat'>..</span> <span class='ocrx_word' id='word_1_61' title='bbox 627 1473 678 1491; x_wconf 81' lang='grc'><strong><em>....</em></strong></span> <span class='ocrx_word' id='word_1_62' title='bbox 775 1424 998 1490; x_wconf 84' lang='lat' dir='ltr'>Hildiwardus</span> <span class='ocrx_word' id='word_1_63' title='bbox 1021 1425 1080 1513; x_wconf 84' lang='lat' dir='ltr'>Ep.</span> <span class='ocrx_word' id='word_1_64' title='bbox 1103 1424 1297 1490; x_wconf 85' lang='lat' dir='ltr'>Helverstet.</span> <span class='ocrx_word' id='word_1_65' title='bbox 1326 1438 1437 1490; x_wconf 88' lang='lat' dir='ltr'>notum</span> <span class='ocrx_word' id='word_1_66' title='bbox 1460 1427 1554 1505; x_wconf 83' lang='lat' dir='ltr'>lacit,</span> <span class='ocrx_word' id='word_1_67' title='bbox 1583 1425 1666 1506; x_wconf 89' lang='lat' dir='ltr'>quod</span> <span class='ocrx_word' id='word_1_68' title='bbox 1688 1423 1908 1491; x_wconf 87' lang='lat' dir='ltr'>Wulibardus</span> <span class='ocrx_word' id='word_1_69' title='bbox 1930 1426 2065 1493; x_wconf 78' lang='lat' dir='ltr'>clericus</span> 
     </span>
     <span class='ocr_line' id='line_1_10' title="bbox 495 1511 2065 1594; baseline 0.003 -17"><span class='ocrx_word' id='word_1_70' title='bbox 495 1568 497 1571; x_wconf 93' lang='lat'>.</span> <span class='ocrx_word' id='word_1_71' title='bbox 709 1526 839 1577; x_wconf 80' lang='lat' dir='ltr'>marasos</span> <span class='ocrx_word' id='word_1_72' title='bbox 862 1515 898 1575; x_wconf 91' lang='lat' dir='ltr'>in</span> <span class='ocrx_word' id='word_1_73' title='bbox 920 1512 990 1576; x_wconf 83' lang='lat' dir='ltr'>loco</span> <span class='ocrx_word' id='word_1_74' title='bbox 1013 1511 1238 1594; x_wconf 86' lang='lat' dir='ltr'>Haessinhem‚</span> <span class='ocrx_word' id='word_1_75' title='bbox 1262 1511 1416 1577; x_wconf 87' lang='lat' dir='ltr'>Veltbam</span> <span class='ocrx_word' id='word_1_76' title='bbox 1437 1525 1472 1578; x_wconf 85' lang='lat' dir='ltr'>et</span> <span class='ocrx_word' id='word_1_77' title='bbox 1492 1511 1727 1578; x_wconf 87' lang='lat' dir='ltr'>Bertcneshem</span> <span class='ocrx_word' id='word_1_78' title='bbox 1747 1513 1790 1580; x_wconf 78' lang='lat' dir='ltr'>ad</span> <span class='ocrx_word' id='word_1_79' title='bbox 1811 1513 1915 1580; x_wconf 85' lang='lat' dir='ltr'>altare</span> <span class='ocrx_word' id='word_1_80' title='bbox 1937 1513 1974 1580; x_wconf 81' lang='lat' dir='ltr'>S.</span> <span class='ocrx_word' id='word_1_81' title='bbox 1991 1512 2065 1582; x_wconf 84' lang='lat' dir='ltr'>Ste&#39;·</span> 
     </span>
     <span class='ocr_line' id='line_1_11' title="bbox 363 1598 1090 1759; baseline -0.001 -1"><span class='ocrx_word' id='word_1_82' title='bbox 363 1692 383 1710; x_wconf 56' lang='lat'>-=</span> <span class='ocrx_word' id='word_1_83' title='bbox 411 1666 423 1703; x_wconf 85' lang='lat'>-·</span> <span class='ocrx_word' id='word_1_84' title='bbox 598 1692 634 1699; x_wconf 34' lang='lat'>‡-</span> <span class='ocrx_word' id='word_1_85' title='bbox 711 1598 932 1759; x_wconf 61' lang='lat' dir='ltr'>blial</span> <span class='ocrx_word' id='word_1_86' title='bbox 965 1598 1198 1693; x_wconf 56' lang='lat' dir='ltr'><em>w</em></span> 
     </span>
    </p>
   </div>
   <div class='ocr_carea' id='block_1_7' title="bbox 1320 1822 1448 1910">
    <p class='ocr_par' dir='ltr' id='par_1_7' title="bbox 1320 1822 1448 1910">
     <span class='ocr_line' id='line_1_12' title="bbox 1320 1822 1448 1910; baseline 0.008 -1"><span class='ocrx_word' id='word_1_87' title='bbox 1320 1822 1448 1910; x_wconf 58' lang='grc'>969</span> 
     </span>
    </p>
   </div>
   <div class='ocr_carea' id='block_1_8' title="bbox 531 1990 2107 3035">
    <p class='ocr_par' dir='ltr' id='par_1_8' title="bbox 531 1990 2107 3035">
     <span class='ocr_line' id='line_1_13' title="bbox 531 1990 2063 2081; baseline 0.003 -24"><span class='ocrx_word' id='word_1_88' title='bbox 531 2043 680 2067; x_wconf 71' lang='grc'><strong><em>..............</em></strong></span> <span class='ocrx_word' id='word_1_89' title='bbox 775 1992 854 2057; x_wconf 81' lang='lat' dir='ltr'>Dux</span> <span class='ocrx_word' id='word_1_90' title='bbox 869 1991 1087 2059; x_wconf 79' lang='lat' dir='ltr'>llerimannus</span> <span class='ocrx_word' id='word_1_91' title='bbox 1108 1995 1216 2081; x_wconf 90' lang='lat' dir='ltr'>posita</span> <span class='ocrx_word' id='word_1_92' title='bbox 1235 1993 1279 2058; x_wconf 82' lang='lat' dir='ltr'>ad</span> <span class='ocrx_word' id='word_1_93' title='bbox 1292 1990 1536 2077; x_wconf 71' lang='lat' dir='ltr'><strong>magadaburch</strong></span> <span class='ocrx_word' id='word_1_94' title='bbox 1553 1996 1707 2059; x_wconf 76' lang='lat' dir='ltr'>concione</span> <span class='ocrx_word' id='word_1_95' title='bbox 1729 2028 1774 2041; x_wconf 95' lang='lat'><em>-</em></span> <span class='ocrx_word' id='word_1_96' title='bbox 1796 1995 1944 2060; x_wconf 84' lang='lat' dir='ltr'>comitem</span> <span class='ocrx_word' id='word_1_97' title='bbox 1961 1991 2063 2062; x_wconf 85' lang='lat' dir='ltr'>Hein-</span> 
     </span>
     <span class='ocr_line' id='line_1_14' title="bbox 709 2076 2063 2173; baseline 0.002 -28"><span class='ocrx_word' id='word_1_98' title='bbox 709 2079 817 2145; x_wconf 83' lang='lat' dir='ltr'>ricum</span> <span class='ocrx_word' id='word_1_99' title='bbox 839 2077 883 2143; x_wconf 84' lang='lat' dir='ltr'>da</span> <span class='ocrx_word' id='word_1_100' title='bbox 896 2076 1041 2155; x_wconf 65' lang='lat' dir='ltr'>Stoicae,</span> <span class='ocrx_word' id='word_1_101' title='bbox 1062 2085 1266 2146; x_wconf 78' lang='lat' dir='ltr'>resistentem</span> <span class='ocrx_word' id='word_1_102' title='bbox 1286 2084 1453 2168; x_wconf 83' lang='lat' dir='ltr'>superbiae</span> <span class='ocrx_word' id='word_1_103' title='bbox 1475 2077 1604 2165; x_wconf 86' lang='lat' dir='ltr'>(Ducis)</span> <span class='ocrx_word' id='word_1_104' title='bbox 1626 2082 1700 2146; x_wconf 93' lang='lat' dir='ltr'>dolo</span> <span class='ocrx_word' id='word_1_105' title='bbox 1724 2103 1838 2173; x_wconf 85' lang='lat' dir='ltr'>capere</span> <span class='ocrx_word' id='word_1_106' title='bbox 1860 2103 1927 2147; x_wconf 88' lang='lat' dir='ltr'>aon</span> <span class='ocrx_word' id='word_1_107' title='bbox 1948 2086 2063 2169; x_wconf 72' lang='lat' dir='ltr'>potuit,</span> 
     </span>
     <span class='ocr_line' id='line_1_15' title="bbox 710 2167 2107 2256; baseline 0.001 -23"><span class='ocrx_word' id='word_1_108' title='bbox 710 2171 787 2251; x_wconf 83' lang='lat' dir='ltr'>quia</span> <span class='ocrx_word' id='word_1_109' title='bbox 816 2167 902 2231; x_wconf 88' lang='lat' dir='ltr'>hunc</span> <span class='ocrx_word' id='word_1_110' title='bbox 930 2169 1068 2233; x_wconf 88' lang='lat' dir='ltr'>militum</span> <span class='ocrx_word' id='word_1_111' title='bbox 1095 2191 1215 2254; x_wconf 87' lang='lat' dir='ltr'>magna</span> <span class='ocrx_word' id='word_1_112' title='bbox 1245 2183 1374 2234; x_wconf 81' lang='lat' dir='ltr'>caterva</span> <span class='ocrx_word' id='word_1_113' title='bbox 1401 2169 1551 2234; x_wconf 88' lang='lat' dir='ltr'>vallabat.</span> <span class='ocrx_word' id='word_1_114' title='bbox 1602 2171 1774 2256; x_wconf 76' lang='lat' dir='ltr'>Praecepit</span> <span class='ocrx_word' id='word_1_115' title='bbox 1809 2183 1919 2235; x_wconf 81' lang='lat' dir='ltr'>tamen</span> <span class='ocrx_word' id='word_1_116' title='bbox 1946 2172 1993 2250; x_wconf 87' lang='lat' dir='ltr'>ei,</span> <span class='ocrx_word' id='word_1_117' title='bbox 2027 2183 2065 2235; x_wconf 88' lang='lat' dir='ltr'>ut</span> <span class='ocrx_word' id='word_1_118' title='bbox 2104 2180 2107 2191; x_wconf 90' lang='lat'>&#39;</span> 
     </span>
     <span class='ocr_line' id='line_1_16' title="bbox 711 2257 2064 2344; baseline 0.001 -23"><span class='ocrx_word' id='word_1_119' title='bbox 711 2257 852 2321; x_wconf 81' lang='lat' dir='ltr'>Romam</span> <span class='ocrx_word' id='word_1_120' title='bbox 873 2270 947 2340; x_wconf 91' lang='lat' dir='ltr'>post</span> <span class='ocrx_word' id='word_1_121' title='bbox 967 2258 1191 2342; x_wconf 78' lang='lat' dir='ltr'>imperatorem</span> <span class='ocrx_word' id='word_1_122' title='bbox 1213 2269 1379 2344; x_wconf 80' lang='lat' dir='ltr'>pergeret,</span> <span class='ocrx_word' id='word_1_123' title='bbox 1412 2260 1497 2338; x_wconf 88' lang='lat' dir='ltr'>quod</span> <span class='ocrx_word' id='word_1_124' title='bbox 1517 2257 1731 2325; x_wconf 88' lang='lat' dir='ltr'>libentissime</span> <span class='ocrx_word' id='word_1_125' title='bbox 1753 2257 1929 2343; x_wconf 80' lang='lat' dir='ltr'>complens,</span> <span class='ocrx_word' id='word_1_126' title='bbox 1959 2272 2064 2323; x_wconf 86' lang='lat' dir='ltr'>trans·</span> 
     </span>
     <span class='ocr_line' id='line_1_17' title="bbox 713 2343 2085 2432; baseline 0.002 -25"><span class='ocrx_word' id='word_1_127' title='bbox 713 2346 818 2408; x_wconf 88' lang='lat' dir='ltr'>censis</span> <span class='ocrx_word' id='word_1_128' title='bbox 839 2344 992 2429; x_wconf 81' lang='lat' dir='ltr'>Alpibus,</span> <span class='ocrx_word' id='word_1_129' title='bbox 1016 2346 1126 2408; x_wconf 87' lang='lat' dir='ltr'>videns</span> <span class='ocrx_word' id='word_1_130' title='bbox 1150 2347 1376 2431; x_wconf 80' lang='lat' dir='ltr'>imperatorem</span> <span class='ocrx_word' id='word_1_131' title='bbox 1399 2364 1419 2407; x_wconf 89' lang='lat' dir='ltr'>a</span> <span class='ocrx_word' id='word_1_132' title='bbox 1441 2343 1538 2428; x_wconf 87' lang='lat' dir='ltr'>longe</span> <span class='ocrx_word' id='word_1_133' title='bbox 1559 2346 1724 2410; x_wconf 88' lang='lat' dir='ltr'>solotenus</span> <span class='ocrx_word' id='word_1_134' title='bbox 1746 2366 1782 2409; x_wconf 82' lang='lat' dir='ltr'>se</span> <span class='ocrx_word' id='word_1_135' title='bbox 1801 2346 1990 2432; x_wconf 85' lang='lat' dir='ltr'>prostravit,</span> <span class='ocrx_word' id='word_1_136' title='bbox 2014 2347 2085 2410; x_wconf 70' lang='lat' dir='ltr'>ira-s</span> 
     </span>
     <span class='ocr_line' id='line_1_18' title="bbox 713 2431 2062 2518; baseline 0 -21"><span class='ocrx_word' id='word_1_137' title='bbox 713 2446 974 2516; x_wconf 78' lang='lat' dir='ltr'>terrogatusque‚</span> <span class='ocrx_word' id='word_1_138' title='bbox 997 2432 1072 2514; x_wconf 85' lang='lat' dir='ltr'>quid</span> <span class='ocrx_word' id='word_1_139' title='bbox 1094 2432 1156 2496; x_wconf 87' lang='lat' dir='ltr'>boa</span> <span class='ocrx_word' id='word_1_140' title='bbox 1178 2453 1293 2497; x_wconf 76' lang='lat' dir='ltr'>musac</span> <span class='ocrx_word' id='word_1_141' title='bbox 1314 2444 1416 2511; x_wconf 86' lang='lat' dir='ltr'>esset,</span> <span class='ocrx_word' id='word_1_142' title='bbox 1437 2431 1681 2498; x_wconf 80' lang='lat' dir='ltr'>lacrimabiliter</span> <span class='ocrx_word' id='word_1_143' title='bbox 1703 2434 1883 2518; x_wconf 86' lang='lat' dir='ltr'>respoudit,</span> <span class='ocrx_word' id='word_1_144' title='bbox 1906 2432 1989 2514; x_wconf 88' lang='lat' dir='ltr'>quod</span> <span class='ocrx_word' id='word_1_145' title='bbox 2010 2453 2062 2497; x_wconf 84' lang='lat' dir='ltr'>ac·</span> 
     </span>
     <span class='ocr_line' id='line_1_19' title="bbox 714 2520 2062 2606; baseline 0 -20"><span class='ocrx_word' id='word_1_146' title='bbox 714 2534 841 2586; x_wconf 74' lang='lat' dir='ltr'>curatus</span> <span class='ocrx_word' id='word_1_147' title='bbox 868 2520 953 2606; x_wconf 89' lang='lat' dir='ltr'>apud</span> <span class='ocrx_word' id='word_1_148' title='bbox 981 2540 1053 2583; x_wconf 86' lang='lat' dir='ltr'>aum</span> <span class='ocrx_word' id='word_1_149' title='bbox 1078 2522 1219 2604; x_wconf 80' lang='lat' dir='ltr'>gratiam</span> <span class='ocrx_word' id='word_1_150' title='bbox 1246 2523 1315 2604; x_wconf 81' lang='lat' dir='ltr'>ejus</span> <span class='ocrx_word' id='word_1_151' title='bbox 1341 2541 1378 2584; x_wconf 88' lang='lat' dir='ltr'>se</span> <span class='ocrx_word' id='word_1_152' title='bbox 1407 2521 1584 2603; x_wconf 78' lang='lat' dir='ltr'>perdidisse</span> <span class='ocrx_word' id='word_1_153' title='bbox 1612 2523 1755 2601; x_wconf 80' lang='lat' dir='ltr'>timeret,</span> <span class='ocrx_word' id='word_1_154' title='bbox 1795 2540 1888 2601; x_wconf 89' lang='lat' dir='ltr'>quem</span> <span class='ocrx_word' id='word_1_155' title='bbox 1915 2522 2062 2604; x_wconf 86' lang='lat' dir='ltr'>protinus</span> 
     </span>
     <span class='ocr_line' id='line_1_20' title="bbox 712 2603 2062 2694; baseline -0.001 -22"><span class='ocrx_word' id='word_1_156' title='bbox 712 2609 869 2673; x_wconf 83' lang='lat' dir='ltr'>elevatum</span> <span class='ocrx_word' id='word_1_157' title='bbox 892 2610 1066 2694; x_wconf 87' lang='lat' dir='ltr'>imperator</span> <span class='ocrx_word' id='word_1_158' title='bbox 1093 2608 1256 2673; x_wconf 79' lang='lat' dir='ltr'>osculetur</span> <span class='ocrx_word' id='word_1_159' title='bbox 1284 2621 1344 2671; x_wconf 87' lang='lat' dir='ltr'>etc.</span> <span class='ocrx_word' id='word_1_160' title='bbox 1382 2607 1457 2690; x_wconf 87' lang='lat' dir='ltr'>(der</span> <span class='ocrx_word' id='word_1_161' title='bbox 1483 2607 1603 2672; x_wconf 87' lang='lat' dir='ltr'>Kaiser</span> <span class='ocrx_word' id='word_1_162' title='bbox 1630 2611 1674 2672; x_wconf 92' lang='lat' dir='ltr'>ist</span> <span class='ocrx_word' id='word_1_163' title='bbox 1701 2611 1779 2671; x_wconf 76' lang='lat' dir='ltr'>iiber</span> <span class='ocrx_word' id='word_1_164' title='bbox 1807 2608 1870 2671; x_wconf 89' lang='lat' dir='ltr'>den</span> <span class='ocrx_word' id='word_1_165' title='bbox 1892 2603 1984 2672; x_wconf 82' lang='lat' dir='ltr'>Stolr</span> <span class='ocrx_word' id='word_1_166' title='bbox 2006 2608 2062 2671; x_wconf 84' lang='lat' dir='ltr'>das</span> 
     </span>
     <span class='ocr_line' id='line_1_21' title="bbox 711 2692 2061 2779; baseline -0.003 -19"><span class='ocrx_word' id='word_1_167' title='bbox 711 2696 854 2779; x_wconf 83' lang='lat' dir='ltr'>Herzogs</span> <span class='ocrx_word' id='word_1_168' title='bbox 876 2694 954 2759; x_wconf 89' lang='lat' dir='ltr'>sehr</span> <span class='ocrx_word' id='word_1_169' title='bbox 974 2694 1211 2779; x_wconf 81' lang='lat' dir='ltr'>ausgebracht).</span> <span class='ocrx_word' id='word_1_170' title='bbox 1254 2695 1376 2761; x_wconf 83' lang='lat' dir='ltr'>Habuit</span> <span class='ocrx_word' id='word_1_171' title='bbox 1398 2696 1539 2775; x_wconf 78' lang='lat' dir='ltr'>(comer)</span> <span class='ocrx_word' id='word_1_172' title='bbox 1560 2716 1708 2775; x_wconf 73' lang='lat' dir='ltr'>acrorem,</span> <span class='ocrx_word' id='word_1_173' title='bbox 1731 2696 1863 2757; x_wconf 86' lang='lat' dir='ltr'>nomine</span> <span class='ocrx_word' id='word_1_174' title='bbox 1884 2692 2061 2774; x_wconf 63' lang='lat' dir='ltr'>dudithann</span> 
     </span>
     <span class='ocr_line' id='line_1_22' title="bbox 710 2772 2063 2865; baseline -0.001 -19"><span class='ocrx_word' id='word_1_175' title='bbox 710 2803 856 2846; x_wconf 87' lang='lat' dir='ltr'>sororem</span> <span class='ocrx_word' id='word_1_176' title='bbox 876 2772 1002 2845; x_wconf 86' lang='lat' dir='ltr'>Udouis</span> <span class='ocrx_word' id='word_1_177' title='bbox 1023 2782 1141 2859; x_wconf 88' lang='lat' dir='ltr'>Ducis,</span> <span class='ocrx_word' id='word_1_178' title='bbox 1163 2784 1225 2865; x_wconf 64' lang='lat' dir='ltr'>{qui</span> <span class='ocrx_word' id='word_1_179' title='bbox 1247 2784 1358 2865; x_wconf 88' lang='lat' dir='ltr'>genuit</span> <span class='ocrx_word' id='word_1_180' title='bbox 1380 2784 1411 2845; x_wconf 92' lang='lat' dir='ltr'>ei</span> <span class='ocrx_word' id='word_1_181' title='bbox 1432 2795 1498 2845; x_wconf 88' lang='lat' dir='ltr'>tres</span> <span class='ocrx_word' id='word_1_182' title='bbox 1519 2782 1606 2846; x_wconf 88' lang='lat' dir='ltr'>filios</span> <span class='ocrx_word' id='word_1_183' title='bbox 1628 2783 1833 2859; x_wconf 68' lang='lat' dir='ltr'>Hammeum,</span> <span class='ocrx_word' id='word_1_184' title='bbox 1860 2780 2008 2843; x_wconf 90' lang='lat' dir='ltr'>Udonem</span> <span class='ocrx_word' id='word_1_185' title='bbox 2029 2795 2063 2845; x_wconf 88' lang='lat' dir='ltr'>et</span> 
     </span>
     <span class='ocr_line' id='line_1_23' title="bbox 711 2865 2062 2952; baseline 0.001 -22"><span class='ocrx_word' id='word_1_186' title='bbox 711 2868 928 2949; x_wconf 73' lang='lat' dir='ltr'>sigefridum,</span> <span class='ocrx_word' id='word_1_187' title='bbox 950 2880 983 2930; x_wconf 87' lang='lat' dir='ltr'>et</span> <span class='ocrx_word' id='word_1_188' title='bbox 1004 2882 1072 2930; x_wconf 87' lang='lat' dir='ltr'>tres</span> <span class='ocrx_word' id='word_1_189' title='bbox 1093 2868 1190 2930; x_wconf 85' lang='lat' dir='ltr'>lillas.</span> <span class='ocrx_word' id='word_1_190' title='bbox 1234 2868 1310 2952; x_wconf 89' lang='lat' dir='ltr'>Ipse</span> <span class='ocrx_word' id='word_1_191' title='bbox 1333 2871 1513 2930; x_wconf 84' lang='lat' dir='ltr'>construxit</span> <span class='ocrx_word' id='word_1_192' title='bbox 1536 2881 1675 2931; x_wconf 86' lang='lat' dir='ltr'>castrum</span> <span class='ocrx_word' id='word_1_193' title='bbox 1698 2871 1733 2930; x_wconf 93' lang='lat' dir='ltr'>in</span> <span class='ocrx_word' id='word_1_194' title='bbox 1754 2867 1842 2946; x_wconf 84' lang='lat' dir='ltr'>loco,</span> <span class='ocrx_word' id='word_1_195' title='bbox 1870 2870 1925 2945; x_wconf 76' lang='lat' dir='ltr'>qui</span> <span class='ocrx_word' id='word_1_196' title='bbox 1946 2865 2062 2931; x_wconf 75' lang='lat' dir='ltr'>Herse.</span> 
     </span>
     <span class='ocr_line' id='line_1_24' title="bbox 711 2952 1747 3035; baseline 0 -22"><span class='ocrx_word' id='word_1_197' title='bbox 711 2953 775 3014; x_wconf 88' lang='lat' dir='ltr'>leld</span> <span class='ocrx_word' id='word_1_198' title='bbox 797 2954 930 3028; x_wconf 83' lang='lat' dir='ltr'>dicitur3</span> <span class='ocrx_word' id='word_1_199' title='bbox 959 2952 1102 3035; x_wconf 83' lang='lat' dir='ltr'>sepultus</span> <span class='ocrx_word' id='word_1_200' title='bbox 1125 2965 1175 3014; x_wconf 85' lang='lat' dir='ltr'>est</span> <span class='ocrx_word' id='word_1_201' title='bbox 1196 2972 1269 3015; x_wconf 90' lang='lat' dir='ltr'>oum</span> <span class='ocrx_word' id='word_1_202' title='bbox 1292 2957 1426 3033; x_wconf 81' lang='lat' dir='ltr'>conjugo</span> <span class='ocrx_word' id='word_1_203' title='bbox 1448 2973 1507 3014; x_wconf 86' lang='lat' dir='ltr'>sua</span> <span class='ocrx_word' id='word_1_204' title='bbox 1529 2955 1565 3014; x_wconf 88' lang='lat' dir='ltr'>in</span> <span class='ocrx_word' id='word_1_205' title='bbox 1586 2954 1747 3034; x_wconf 86' lang='lat' dir='ltr'>Hesuuge.</span> 
     </span>
    </p>
   </div>
   <div class='ocr_carea' id='block_1_9' title="bbox 746 3046 2063 3194">
    <p class='ocr_par' dir='ltr' id='par_1_9' title="bbox 746 3046 2063 3194">
     <span class='ocr_line' id='line_1_25' title="bbox 747 3046 2063 3113; baseline 0.005 -9"><span class='ocrx_word' id='word_1_206' title='bbox 747 3049 817 3105; x_wconf 78' lang='lat' dir='ltr'>Ano.</span> <span class='ocrx_word' id='word_1_207' title='bbox 839 3047 920 3104; x_wconf 75' lang='lat' dir='ltr'>Suro.</span> <span class='ocrx_word' id='word_1_208' title='bbox 940 3078 974 3090; x_wconf 90' lang='lat'>-</span> <span class='ocrx_word' id='word_1_209' title='bbox 992 3047 1094 3105; x_wconf 85' lang='lat' dir='ltr'>Cbrca.</span> <span class='ocrx_word' id='word_1_210' title='bbox 1113 3047 1189 3104; x_wconf 80' lang='lat' dir='ltr'>Saxo</span> <span class='ocrx_word' id='word_1_211' title='bbox 1208 3047 1240 3104; x_wconf 78' lang='lat' dir='ltr'>od</span> <span class='ocrx_word' id='word_1_212' title='bbox 1258 3049 1320 3103; x_wconf 74' lang='lat' dir='ltr'>atu.</span> <span class='ocrx_word' id='word_1_213' title='bbox 1339 3050 1389 3103; x_wconf 85' lang='lat' dir='ltr'>mit</span> <span class='ocrx_word' id='word_1_214' title='bbox 1406 3048 1466 3103; x_wconf 85' lang='lat' dir='ltr'>dem</span> <span class='ocrx_word' id='word_1_215' title='bbox 1480 3047 1585 3113; x_wconf 72' lang='lat' dir='ltr'>zucam,</span> <span class='ocrx_word' id='word_1_216' title='bbox 1601 3047 1661 3103; x_wconf 69' lang='lat' dir='ltr'>deis</span> <span class='ocrx_word' id='word_1_217' title='bbox 1679 3047 1728 3105; x_wconf 78' lang='lat' dir='ltr'>der</span> <span class='ocrx_word' id='word_1_218' title='bbox 1739 3047 1808 3106; x_wconf 80' lang='lat' dir='ltr'>Grai</span> <span class='ocrx_word' id='word_1_219' title='bbox 1822 3067 1884 3107; x_wconf 79' lang='lat' dir='ltr'>vom</span> <span class='ocrx_word' id='word_1_220' title='bbox 1895 3046 1992 3110; x_wconf 76' lang='lat' dir='ltr'>Kaisar</span> <span class='ocrx_word' id='word_1_221' title='bbox 2003 3055 2063 3111; x_wconf 83' lang='lat' dir='ltr'>eice</span> 
     </span>
     <span class='ocr_line' id='line_1_26' title="bbox 746 3116 1870 3194; baseline 0.004 -22"><span class='ocrx_word' id='word_1_222' title='bbox 746 3118 861 3194; x_wconf 74' lang='lat' dir='ltr'>geldone</span> <span class='ocrx_word' id='word_1_223' title='bbox 878 3117 960 3174; x_wconf 78' lang='lat' dir='ltr'>Koite</span> <span class='ocrx_word' id='word_1_224' title='bbox 977 3137 1038 3174; x_wconf 81' lang='lat' dir='ltr'>zum</span> <span class='ocrx_word' id='word_1_225' title='bbox 1057 3116 1199 3175; x_wconf 66' lang='lat' dir='ltr'>amboni</span> <span class='ocrx_word' id='word_1_226' title='bbox 1217 3117 1336 3175; x_wconf 81' lang='lat' dir='ltr'>erhaltea</span> <span class='ocrx_word' id='word_1_227' title='bbox 1354 3117 1430 3175; x_wconf 75' lang='lat' dir='ltr'>brba.</span> <span class='ocrx_word' id='word_1_228' title='bbox 1466 3117 1569 3176; x_wconf 67' lang='lat' dir='ltr'>ebron</span> <span class='ocrx_word' id='word_1_229' title='bbox 1587 3116 1706 3192; x_wconf 79' lang='lat' dir='ltr'>llagdeb.</span> <span class='ocrx_word' id='word_1_230' title='bbox 1726 3118 1870 3177; x_wconf 85' lang='lat' dir='ltr'>lleibomii.</span> 
     </span>
    </p>
   </div>
   <div class='ocr_carea' id='block_1_10' title="bbox 593 3221 2062 3485">
    <p class='ocr_par' dir='ltr' id='par_1_10' title="bbox 593 3221 2062 3485">
     <span class='ocr_line' id='line_1_27' title="bbox 593 3221 2062 3313; baseline 0.005 -23"><span class='ocrx_word' id='word_1_231' title='bbox 593 3275 681 3295; x_wconf 86' lang='grc'><strong><em>.........</em></strong></span> <span class='ocrx_word' id='word_1_232' title='bbox 778 3227 895 3291; x_wconf 84' lang='lat' dir='ltr'>Comes</span> <span class='ocrx_word' id='word_1_233' title='bbox 923 3224 995 3289; x_wconf 87' lang='lat' dir='ltr'>Hed</span> <span class='ocrx_word' id='word_1_234' title='bbox 1017 3224 1154 3313; x_wconf 73' lang='lat' dir='ltr'>&#39;nomine</span> <span class='ocrx_word' id='word_1_235' title='bbox 1180 3224 1350 3289; x_wconf 85' lang='lat' dir='ltr'>ecclesiam</span> <span class='ocrx_word' id='word_1_236' title='bbox 1375 3222 1414 3288; x_wconf 86' lang='lat' dir='ltr'>S.</span> <span class='ocrx_word' id='word_1_237' title='bbox 1443 3221 1518 3288; x_wconf 89' lang='lat' dir='ltr'>Viti</span> <span class='ocrx_word' id='word_1_238' title='bbox 1550 3227 1586 3287; x_wconf 90' lang='lat' dir='ltr'>in</span> <span class='ocrx_word' id='word_1_239' title='bbox 1613 3226 1811 3312; x_wconf 83' lang='lat' dir='ltr'>Heslinge</span> <span class='ocrx_word' id='word_1_240' title='bbox 1845 3243 2062 3299; x_wconf 84' lang='lat' dir='ltr'>constructam</span> 
     </span>
     <span class='ocr_line' id='line_1_28' title="bbox 649 3309 2062 3397; baseline 0.005 -19"><span class='ocrx_word' id='word_1_241' title='bbox 649 3350 653 3358; x_wconf 92' lang='lat'><strong>·</strong></span> <span class='ocrx_word' id='word_1_242' title='bbox 711 3315 832 3378; x_wconf 85' lang='lat' dir='ltr'>dotavit</span> <span class='ocrx_word' id='word_1_243' title='bbox 854 3325 887 3375; x_wconf 88' lang='lat' dir='ltr'>et</span> <span class='ocrx_word' id='word_1_244' title='bbox 909 3314 1159 3397; x_wconf 80' lang='lat' dir='ltr'>&#39;congregatione</span> <span class='ocrx_word' id='word_1_245' title='bbox 1179 3309 1477 3374; x_wconf 86' lang='lat' dir='ltr'>sanctimonialium</span> <span class='ocrx_word' id='word_1_246' title='bbox 1497 3311 1616 3375; x_wconf 89' lang='lat' dir='ltr'>ibidem</span> <span class='ocrx_word' id='word_1_247' title='bbox 1637 3313 1733 3396; x_wconf 81' lang='lat' dir='ltr'>lacta,</span> <span class='ocrx_word' id='word_1_248' title='bbox 1755 3317 1916 3382; x_wconf 84' lang='lat' dir='ltr'>abbatiam</span> <span class='ocrx_word' id='word_1_249' title='bbox 1938 3321 2062 3386; x_wconf 85' lang='lat' dir='ltr'>mundi·</span> 
     </span>
     <span class='ocr_line' id='line_1_29' title="bbox 711 3396 1380 3485; baseline -0.007 -19"><span class='ocrx_word' id='word_1_250' title='bbox 711 3402 824 3466; x_wconf 87' lang='lat' dir='ltr'>burdio</span> <span class='ocrx_word' id='word_1_251' title='bbox 846 3398 1033 3462; x_wconf 83' lang='lat' dir='ltr'>Bremensis</span> <span class='ocrx_word' id='word_1_252' title='bbox 1056 3396 1209 3485; x_wconf 80' lang='lat' dir='ltr'>Archiep.</span> <span class='ocrx_word' id='word_1_253' title='bbox 1231 3396 1380 3461; x_wconf 83' lang='lat' dir='ltr'>subdidit</span> 
     </span>
    </p>
   </div>
   <div class='ocr_carea' id='block_1_11' title="bbox 568 3492 2062 3714">
    <p class='ocr_par' dir='ltr' id='par_1_11' title="bbox 568 3492 2062 3714">
     <span class='ocr_line' id='line_1_30' title="bbox 568 3492 2061 3578; baseline 0.007 -23"><span class='ocrx_word' id='word_1_254' title='bbox 568 3512 575 3527; x_wconf 80' lang='lat'><em>⁰</em></span> <span class='ocrx_word' id='word_1_255' title='bbox 621 3514 624 3521; x_wconf 87' lang='lat'>&#39;</span> <span class='ocrx_word' id='word_1_256' title='bbox 661 3520 664 3525; x_wconf 92' lang='lat'>·</span> <span class='ocrx_word' id='word_1_257' title='bbox 703 3518 706 3524; x_wconf 89' lang='lat'>·</span> <span class='ocrx_word' id='word_1_258' title='bbox 739 3496 849 3558; x_wconf 83' lang='lat' dir='ltr'>&#39;Ditb&#39;m</span> <span class='ocrx_word' id='word_1_259' title='bbox 866 3520 896 3578; x_wconf 88' lang='lat' dir='ltr'>p.</span> <span class='ocrx_word' id='word_1_260' title='bbox 915 3499 958 3557; x_wconf 70' lang='lat'>4³.</span> <span class='ocrx_word' id='word_1_261' title='bbox 994 3492 1166 3556; x_wconf 68' lang='lat' dir='ltr'>Ka&#39;n.&#39;&#39;8&#39;axo.</span> <span class='ocrx_word' id='word_1_262' title='bbox 1185 3495 1220 3540; x_wconf 78' lang='lat'>²-</span> <span class='ocrx_word' id='word_1_263' title='bbox 1239 3492 1349 3563; x_wconf 65' lang='lat' dir='ltr'>muci,</span> <span class='ocrx_word' id='word_1_264' title='bbox 1367 3493 1487 3552; x_wconf 84' lang='lat' dir='ltr'>Tocbter</span> <span class='ocrx_word' id='word_1_265' title='bbox 1505 3494 1646 3554; x_wconf 81' lang='lat' dir='ltr'>lleiaricba</span> <span class='ocrx_word' id='word_1_266' title='bbox 1664 3518 1689 3559; x_wconf 83' lang='lat' dir='ltr'>r.</span> <span class='ocrx_word' id='word_1_267' title='bbox 1709 3499 1804 3571; x_wconf 74' lang='lat' dir='ltr'>Stude,</span> <span class='ocrx_word' id='word_1_268' title='bbox 1823 3501 1894 3560; x_wconf 73' lang='lat' dir='ltr'>vird</span> <span class='ocrx_word' id='word_1_269' title='bbox 1910 3505 1964 3561; x_wconf 77' lang='lat'>973</span> <span class='ocrx_word' id='word_1_270' title='bbox 1981 3504 2009 3561; x_wconf 87' lang='lat' dir='ltr'>iu</span> <span class='ocrx_word' id='word_1_271' title='bbox 2026 3505 2061 3565; x_wconf 87' lang='lat' dir='ltr'>ll.</span> 
     </span>
     <span class='ocr_line' id='line_1_31' title="bbox 745 3564 2062 3714; baseline 0.007 -89"><span class='ocrx_word' id='word_1_272' title='bbox 745 3570 855 3714; x_wconf 52' lang='lat' dir='ltr'>pippofie,</span> <span class='ocrx_word' id='word_1_273' title='bbox 882 3568 938 3626; x_wconf 82' lang='lat' dir='ltr'>rud</span> <span class='ocrx_word' id='word_1_274' title='bbox 959 3565 1026 3625; x_wconf 80' lang='lat' dir='ltr'>lled</span> <span class='ocrx_word' id='word_1_275' title='bbox 1042 3586 1101 3626; x_wconf 79' lang='lat' dir='ltr'>war</span> <span class='ocrx_word' id='word_1_276' title='bbox 1116 3564 1193 3625; x_wconf 73' lang='lat' dir='ltr'>wobl</span> <span class='ocrx_word' id='word_1_277' title='bbox 1216 3568 1259 3625; x_wconf 79' lang='lat' dir='ltr'>oin</span> <span class='ocrx_word' id='word_1_278' title='bbox 1276 3564 1490 3628; x_wconf 76' lang='lat' dir='ltr'>Aauerwradter</span> <span class='ocrx_word' id='word_1_279' title='bbox 1507 3565 1557 3624; x_wconf 81' lang='lat' dir='ltr'>dea</span> <span class='ocrx_word' id='word_1_280' title='bbox 1574 3567 1679 3625; x_wconf 81' lang='lat' dir='ltr'>lluuser</span> <span class='ocrx_word' id='word_1_281' title='bbox 1697 3569 1789 3630; x_wconf 69' lang='lat' dir='ltr'>Sinde.</span> <span class='ocrx_word' id='word_1_282' title='bbox 1826 3572 1855 3631; x_wconf 82' lang='lat' dir='ltr'>S.</span> <span class='ocrx_word' id='word_1_283' title='bbox 1874 3570 1971 3632; x_wconf 83' lang='lat' dir='ltr'>Rledel</span> <span class='ocrx_word' id='word_1_284' title='bbox 1987 3574 2062 3634; x_wconf 83' lang='lat' dir='ltr'>llark</span> 
     </span>
    </p>
   </div>
   <div class='ocr_carea' id='block_1_12' title="bbox 595 3745 2061 4274">
    <p class='ocr_par' dir='ltr' id='par_1_12' title="bbox 712 3745 2061 4006">
     <span class='ocr_line' id='line_1_32' title="bbox 778 3745 2061 3836; baseline 0.004 -21"><span class='ocrx_word' id='word_1_285' title='bbox 778 3749 1053 3836; x_wconf 81' lang='lat' dir='ltr'>Archiepisoopur</span> <span class='ocrx_word' id='word_1_286' title='bbox 1077 3747 1244 3831; x_wconf 80' lang='lat' dir='ltr'>(Magdeb.</span> <span class='ocrx_word' id='word_1_287' title='bbox 1267 3745 1502 3826; x_wconf 81' lang='lat' dir='ltr'>Adbelbertus)</span> <span class='ocrx_word' id='word_1_288' title='bbox 1530 3766 1551 3810; x_wconf 86' lang='lat' dir='ltr'>a</span> <span class='ocrx_word' id='word_1_289' title='bbox 1579 3745 1665 3810; x_wconf 92' lang='lat' dir='ltr'>clero</span> <span class='ocrx_word' id='word_1_290' title='bbox 1693 3760 1727 3809; x_wconf 91' lang='lat' dir='ltr'>et</span> <span class='ocrx_word' id='word_1_291' title='bbox 1747 3749 1864 3834; x_wconf 91' lang='lat' dir='ltr'>populo</span> <span class='ocrx_word' id='word_1_292' title='bbox 1887 3753 2061 3836; x_wconf 79' lang='lat' dir='ltr'>magnifice</span> 
     </span>
     <span class='ocr_line' id='line_1_33' title="bbox 712 3834 2060 3924; baseline 0.001 -20"><span class='ocrx_word' id='word_1_293' title='bbox 712 3852 877 3924; x_wconf 76' lang='lat' dir='ltr'>ursceptus</span> <span class='ocrx_word' id='word_1_294' title='bbox 906 3837 1106 3903; x_wconf 85' lang='lat' dir='ltr'>consecravit</span> <span class='ocrx_word' id='word_1_295' title='bbox 1132 3835 1270 3899; x_wconf 75' lang='lat' dir='ltr'>lilerseb.</span> <span class='ocrx_word' id='word_1_296' title='bbox 1291 3849 1452 3920; x_wconf 83' lang='lat' dir='ltr'>pastorem</span> <span class='ocrx_word' id='word_1_297' title='bbox 1475 3847 1534 3896; x_wconf 83' lang='lat' dir='ltr'>etc.</span> <span class='ocrx_word' id='word_1_298' title='bbox 1565 3866 1608 3881; x_wconf 91' lang='lat'><em>-</em></span> <span class='ocrx_word' id='word_1_299' title='bbox 1635 3834 1981 3922; x_wconf 83' lang='lat' dir='ltr'>Havelburgensis</span> <span class='ocrx_word' id='word_1_300' title='bbox 2009 3863 2060 3907; x_wconf 85' lang='lat' dir='ltr'>ec-</span> 
     </span>
     <span class='ocr_line' id='line_1_34' title="bbox 714 3919 2061 4006; baseline -0.001 -16"><span class='ocrx_word' id='word_1_301' title='bbox 714 3927 830 3992; x_wconf 86' lang='lat' dir='ltr'>clesiae</span> <span class='ocrx_word' id='word_1_302' title='bbox 853 3920 1015 3989; x_wconf 82' lang='lat' dir='ltr'>custodem</span> <span class='ocrx_word' id='word_1_303' title='bbox 1037 3923 1089 3986; x_wconf 81' lang='lat' dir='ltr'>bis</span> <span class='ocrx_word' id='word_1_304' title='bbox 1117 3919 1286 3987; x_wconf 66' lang='lat' dir='ltr'>redonen</span> <span class='ocrx_word' id='word_1_305' title='bbox 1308 3923 1469 4006; x_wconf 76' lang='lat' dir='ltr'>cooptavit</span> <span class='ocrx_word' id='word_1_306' title='bbox 1489 3921 1578 4005; x_wconf 88' lang='lat' dir='ltr'>prius</span> <span class='ocrx_word' id='word_1_307' title='bbox 1601 3936 1837 4003; x_wconf 82' lang='lat' dir='ltr'>consecratum,</span> <span class='ocrx_word' id='word_1_308' title='bbox 1866 3944 1977 3990; x_wconf 82' lang='lat' dir='ltr'>omnes</span> <span class='ocrx_word' id='word_1_309' title='bbox 1999 3927 2061 3993; x_wconf 83' lang='lat' dir='ltr'>bos</span> 
     </span>
    </p>

    <p class='ocr_par' dir='ltr' id='par_1_13' title="bbox 595 4007 2061 4274">
     <span class='ocr_line' id='line_1_35' title="bbox 595 4007 2061 4097; baseline -0.001 -18"><span class='ocrx_word' id='word_1_310' title='bbox 595 4060 599 4067; x_wconf 79' lang='lat'><em>,</em></span> <span class='ocrx_word' id='word_1_311' title='bbox 713 4007 941 4097; x_wconf 74' lang='lat' dir='ltr'>subjectionem</span> <span class='ocrx_word' id='word_1_312' title='bbox 970 4013 1034 4076; x_wconf 90' lang='lat' dir='ltr'>sibl</span> <span class='ocrx_word' id='word_1_313' title='bbox 1055 4011 1184 4091; x_wconf 80' lang='lat' dir='ltr'>suisque</span> <span class='ocrx_word' id='word_1_314' title='bbox 1212 4011 1434 4097; x_wconf 83' lang='lat' dir='ltr'>promittentes</span> <span class='ocrx_word' id='word_1_315' title='bbox 1459 4009 1712 4088; x_wconf 81' lang='lat' dir='ltr'>successoribus,</span> <span class='ocrx_word' id='word_1_316' title='bbox 1744 4009 1902 4095; x_wconf 84' lang='lat' dir='ltr'>disposite</span> <span class='ocrx_word' id='word_1_317' title='bbox 1922 4015 2061 4097; x_wconf 84' lang='lat' dir='ltr'>siugulis</span> 
     </span>
     <span class='ocr_line' id='line_1_36' title="bbox 611 4090 2061 4186; baseline 0 -22"><span class='ocrx_word' id='word_1_318' title='bbox 611 4124 615 4131; x_wconf 93' lang='lat'><em>·</em></span> <span class='ocrx_word' id='word_1_319' title='bbox 641 4126 646 4137; x_wconf 92' lang='lat'><em>·</em></span> <span class='ocrx_word' id='word_1_320' title='bbox 668 4134 672 4140; x_wconf 89' lang='lat'>-</span> <span class='ocrx_word' id='word_1_321' title='bbox 697 4104 886 4185; x_wconf 70' lang='lat' dir='ltr'>‘quibusque</span> <span class='ocrx_word' id='word_1_322' title='bbox 903 4098 1061 4186; x_wconf 85' lang='lat' dir='ltr'>parocbia</span> <span class='ocrx_word' id='word_1_323' title='bbox 1083 4097 1226 4185; x_wconf 81' lang='lat' dir='ltr'>speciali.</span> <span class='ocrx_word' id='word_1_324' title='bbox 1270 4090 1412 4162; x_wconf 64' lang='lat' dir='ltr'>Audiat</span> <span class='ocrx_word' id='word_1_325' title='bbox 1431 4107 1480 4157; x_wconf 81' lang='lat' dir='ltr'>est</span> <span class='ocrx_word' id='word_1_326' title='bbox 1502 4093 1554 4158; x_wconf 89' lang='lat' dir='ltr'>bis</span> <span class='ocrx_word' id='word_1_327' title='bbox 1584 4094 1988 4181; x_wconf 82' lang='lat' dir='ltr'>Braudeburgiensis</span> <span class='ocrx_word' id='word_1_328' title='bbox 2010 4122 2061 4164; x_wconf 87' lang='lat' dir='ltr'>ee-</span> 
     </span>
     <span class='ocr_line' id='line_1_37' title="bbox 712 4180 2038 4274; baseline -0.004 -20"><span class='ocrx_word' id='word_1_329' title='bbox 712 4191 831 4254; x_wconf 86' lang='lat' dir='ltr'>clesiae</span> <span class='ocrx_word' id='word_1_330' title='bbox 852 4201 963 4274; x_wconf 87' lang='lat' dir='ltr'>pastor</span> <span class='ocrx_word' id='word_1_331' title='bbox 991 4183 1302 4253; x_wconf 61' lang='lat' dir='ltr'>fumariorum</span> <span class='ocrx_word' id='word_1_332' title='bbox 1323 4181 1385 4246; x_wconf 88' lang='lat' dir='ltr'>boo</span> <span class='ocrx_word' id='word_1_333' title='bbox 1398 4180 1514 4244; x_wconf 83' lang='lat' dir='ltr'>unctus</span> <span class='ocrx_word' id='word_1_334' title='bbox 1535 4194 1568 4245; x_wconf 89' lang='lat' dir='ltr'>et</span> <span class='ocrx_word' id='word_1_335' title='bbox 1582 4181 1705 4246; x_wconf 86' lang='lat' dir='ltr'>Jordan</span> <span class='ocrx_word' id='word_1_336' title='bbox 1719 4181 1779 4269; x_wconf 86' lang='lat' dir='ltr'>Ep.</span> <span class='ocrx_word' id='word_1_337' title='bbox 1794 4184 2038 4251; x_wconf 82' lang='lat' dir='ltr'>Posnaniensis.</span> 
     </span>
    </p>
   </div>
   <div class='ocr_carea' id='block_1_13' title="bbox 749 4278 2062 4506">
    <p class='ocr_par' dir='ltr' id='par_1_14' title="bbox 749 4278 2062 4506">
     <span class='ocr_line' id='line_1_38' title="bbox 749 4278 2061 4361; baseline -0.005 -14"><span class='ocrx_word' id='word_1_338' title='bbox 749 4291 833 4348; x_wconf 84' lang='lat' dir='ltr'>Ditm.</span> <span class='ocrx_word' id='word_1_339' title='bbox 851 4288 931 4346; x_wconf 79' lang='lat' dir='ltr'>llere.</span> <span class='ocrx_word' id='word_1_340' title='bbox 967 4286 1067 4344; x_wconf 75' lang='lat' dir='ltr'>Cbron.</span> <span class='ocrx_word' id='word_1_341' title='bbox 1091 4285 1176 4361; x_wconf 78' lang='lat' dir='ltr'>llrgd</span> <span class='ocrx_word' id='word_1_342' title='bbox 1201 4283 1324 4341; x_wconf 84' lang='lat' dir='ltr'>lleibom</span> <span class='ocrx_word' id='word_1_343' title='bbox 1361 4282 1430 4339; x_wconf 78' lang='lat' dir='ltr'>Ano.</span> <span class='ocrx_word' id='word_1_344' title='bbox 1449 4278 1523 4336; x_wconf 81' lang='lat' dir='ltr'>Saxo</span> <span class='ocrx_word' id='word_1_345' title='bbox 1546 4289 1628 4336; x_wconf 82' lang='lat' dir='ltr'>aeaut</span> <span class='ocrx_word' id='word_1_346' title='bbox 1651 4279 1852 4340; x_wconf 83' lang='lat' dir='ltr'>Dadelioum</span> <span class='ocrx_word' id='word_1_347' title='bbox 1874 4281 2061 4341; x_wconf 81' lang='lat' dir='ltr'>Brsndenbur·</span> 
     </span>
     <span class='ocr_line' id='line_1_39' title="bbox 767 4347 2062 4429; baseline -0.005 -10"><span class='ocrx_word' id='word_1_348' title='bbox 767 4380 869 4419; x_wconf 71' lang='lat' dir='ltr'>aanor.</span> <span class='ocrx_word' id='word_1_349' title='bbox 886 4386 922 4409; x_wconf 64' lang='grc' dir='ltr'>ι-</span> <span class='ocrx_word' id='word_1_350' title='bbox 940 4358 1042 4416; x_wconf 77' lang='lat' dir='ltr'>Circa.</span> <span class='ocrx_word' id='word_1_351' title='bbox 1060 4356 1135 4413; x_wconf 76' lang='lat' dir='ltr'>auc</span> <span class='ocrx_word' id='word_1_352' title='bbox 1152 4353 1187 4413; x_wconf 81' lang='lat' dir='ltr'>sd</span> <span class='ocrx_word' id='word_1_353' title='bbox 1204 4356 1267 4415; x_wconf 83' lang='grc' dir='ltr'>9Ίο.</span> <span class='ocrx_word' id='word_1_354' title='bbox 1284 4352 1328 4408; x_wconf 81' lang='lat' dir='ltr'>die</span> <span class='ocrx_word' id='word_1_355' title='bbox 1344 4351 1552 4411; x_wconf 81' lang='lat' dir='ltr'>htbreaication</span> <span class='ocrx_word' id='word_1_356' title='bbox 1569 4352 1597 4406; x_wconf 88' lang='lat' dir='ltr'>in</span> <span class='ocrx_word' id='word_1_357' title='bbox 1607 4347 1768 4429; x_wconf 76' lang='lat' dir='ltr'>llagdeburg</span> <span class='ocrx_word' id='word_1_358' title='bbox 1785 4354 1826 4410; x_wconf 82' lang='lat' dir='ltr'>sei</span> <span class='ocrx_word' id='word_1_359' title='bbox 1841 4354 1872 4412; x_wconf 78' lang='lat' dir='ltr'>in</span> <span class='ocrx_word' id='word_1_360' title='bbox 1887 4350 1998 4411; x_wconf 72' lang='lat' dir='ltr'>Benein</span> <span class='ocrx_word' id='word_1_361' title='bbox 2013 4353 2062 4413; x_wconf 84' lang='lat' dir='ltr'>der</span> 
     </span>
     <span class='ocr_line' id='line_1_40' title="bbox 778 4420 1556 4506; baseline -0.017 -17"><span class='ocrx_word' id='word_1_362' title='bbox 778 4431 918 4489; x_wconf 64' lang='lat' dir='ltr'>archiones</span> <span class='ocrx_word' id='word_1_363' title='bbox 934 4439 963 4488; x_wconf 79' lang='lat' dir='ltr'>ct</span> <span class='ocrx_word' id='word_1_364' title='bbox 980 4426 1078 4506; x_wconf 79' lang='lat' dir='ltr'>reliqui</span> <span class='ocrx_word' id='word_1_365' title='bbox 1095 4425 1228 4484; x_wconf 73' lang='lat' dir='ltr'>Streniae</span> <span class='ocrx_word' id='word_1_366' title='bbox 1244 4424 1380 4502; x_wconf 82' lang='lat' dir='ltr'>principes</span> <span class='ocrx_word' id='word_1_367' title='bbox 1397 4420 1556 4498; x_wconf 78' lang='lat' dir='ltr'>gesebeben.</span> 
     </span>
    </p>
   </div>
   <div class='ocr_carea' id='block_1_14' title="bbox 1253 4579 1451 4666">
    <p class='ocr_par' dir='ltr' id='par_1_15' title="bbox 1253 4579 1451 4666">
     <span class='ocr_line' id='line_1_41' title="bbox 1253 4579 1451 4666; baseline -0.025 -5"><span class='ocrx_word' id='word_1_368' title='bbox 1253 4656 1255 4661; x_wconf 86' lang='lat'><em>.</em></span> <span class='ocrx_word' id='word_1_369' title='bbox 1323 4579 1451 4666; x_wconf 71' lang='grc' dir='ltr'>9ἱο.</span> 
     </span>
    </p>
   </div>
   <div class='ocr_carea' id='block_1_15' title="bbox 185 4685 2066 4992">
    <p class='ocr_par' dir='ltr' id='par_1_16' title="bbox 185 4685 2066 4992">
     <span class='ocr_line' id='line_1_42' title="bbox 185 4685 2065 4833; baseline -0.005 -23"><span class='ocrx_word' id='word_1_370' title='bbox 185 4773 282 4833; x_wconf 58' lang='lat' dir='ltr'>m,</span> <span class='ocrx_word' id='word_1_371' title='bbox 369 4766 460 4827; x_wconf 53' lang='lat' dir='ltr'>pur„</span> <span class='ocrx_word' id='word_1_372' title='bbox 554 4760 614 4824; x_wconf 48' lang='lat' dir='ltr'>rw„</span> <span class='ocrx_word' id='word_1_373' title='bbox 629 4761 674 4819; x_wconf 69' lang='lat' dir='ltr'>ab</span> <span class='ocrx_word' id='word_1_374' title='bbox 708 4685 712 4691; x_wconf 23' lang='lat'><strong>¹</strong></span> <span class='ocrx_word' id='word_1_375' title='bbox 783 4740 864 4805; x_wconf 81' lang='lat' dir='ltr'>Otto</span> <span class='ocrx_word' id='word_1_376' title='bbox 885 4740 966 4825; x_wconf 86' lang='lat' dir='ltr'>Imp.</span> <span class='ocrx_word' id='word_1_377' title='bbox 995 4736 1129 4823; x_wconf 82' lang='lat' dir='ltr'>praedia</span> <span class='ocrx_word' id='word_1_378' title='bbox 1156 4737 1192 4800; x_wconf 89' lang='lat' dir='ltr'>ln</span> <span class='ocrx_word' id='word_1_379' title='bbox 1220 4731 1505 4816; x_wconf 80' lang='lat' dir='ltr'>Bronuingisstedi</span> <span class='ocrx_word' id='word_1_380' title='bbox 1532 4718 1681 4818; x_wconf 80' lang='lat' dir='ltr'>inpage</span> <span class='ocrx_word' id='word_1_381' title='bbox 1702 4729 1999 4819; x_wconf 76' lang='lat' dir='ltr'>northuringa,</span> <span class='ocrx_word' id='word_1_382' title='bbox 2026 4735 2065 4801; x_wconf 83' lang='lat' dir='ltr'>in</span> 
     </span>
     <span class='ocr_line' id='line_1_43' title="bbox 717 4817 2066 4908; baseline -0.005 -15"><span class='ocrx_word' id='word_1_383' title='bbox 717 4830 869 4894; x_wconf 82' lang='lat' dir='ltr'>comitatu</span> <span class='ocrx_word' id='word_1_384' title='bbox 894 4823 1035 4891; x_wconf 73' lang='lat' dir='ltr'>Gerenia</span> <span class='ocrx_word' id='word_1_385' title='bbox 1056 4821 1199 4899; x_wconf 80' lang='lat' dir='ltr'>comitis,</span> <span class='ocrx_word' id='word_1_386' title='bbox 1221 4842 1301 4904; x_wconf 87' lang='lat' dir='ltr'>quae</span> <span class='ocrx_word' id='word_1_387' title='bbox 1322 4821 1479 4885; x_wconf 82' lang='lat' dir='ltr'>hactenus</span> <span class='ocrx_word' id='word_1_388' title='bbox 1500 4817 1687 4884; x_wconf 81' lang='lat' dir='ltr'>Folkmorus</span> <span class='ocrx_word' id='word_1_389' title='bbox 1704 4820 1887 4885; x_wconf 88' lang='lat' dir='ltr'>Coloniens.</span> <span class='ocrx_word' id='word_1_390' title='bbox 1910 4821 2066 4908; x_wconf 82' lang='lat' dir='ltr'>Arcbiep.</span> 
     </span>
     <span class='ocr_line' id='line_1_44' title="bbox 717 4905 2066 4992; baseline -0.008 -11"><span class='ocrx_word' id='word_1_391' title='bbox 717 4921 754 4983; x_wconf 92' lang='lat' dir='ltr'>in</span> <span class='ocrx_word' id='word_1_392' title='bbox 781 4915 972 4981; x_wconf 82' lang='lat' dir='ltr'>beneficium</span> <span class='ocrx_word' id='word_1_393' title='bbox 998 4912 1126 4992; x_wconf 74' lang='lat' dir='ltr'>babuit,</span> <span class='ocrx_word' id='word_1_394' title='bbox 1161 4910 1198 4976; x_wconf 85' lang='lat' dir='ltr'>S.</span> <span class='ocrx_word' id='word_1_395' title='bbox 1220 4911 1376 4976; x_wconf 89' lang='lat' dir='ltr'>Mauritio</span> <span class='ocrx_word' id='word_1_396' title='bbox 1404 4909 1439 4970; x_wconf 92' lang='lat' dir='ltr'>in</span> <span class='ocrx_word' id='word_1_397' title='bbox 1460 4905 1682 4990; x_wconf 86' lang='lat' dir='ltr'>Magadeburg</span> <span class='ocrx_word' id='word_1_398' title='bbox 1709 4907 1817 4971; x_wconf 81' lang='lat' dir='ltr'>tradit·</span> <span class='ocrx_word' id='word_1_399' title='bbox 1861 4908 1950 4973; x_wconf 86' lang='lat' dir='ltr'>Data</span> <span class='ocrx_word' id='word_1_400' title='bbox 1970 4908 2066 4975; x_wconf 84' lang='lat' dir='ltr'>vlu.</span> 
     </span>
    </p>
   </div>
   <div class='ocr_carea' id='block_1_16' title="bbox 719 4993 1998 5166">
    <p class='ocr_par' dir='ltr' id='par_1_17' title="bbox 719 4993 1998 5166">
     <span class='ocr_line' id='line_1_45' title="bbox 719 4993 1998 5166; baseline -0.009 -94"><span class='ocrx_word' id='word_1_401' title='bbox 719 5005 857 5072; x_wconf 85' lang='lat' dir='ltr'>Kalend.</span> <span class='ocrx_word' id='word_1_402' title='bbox 878 5000 970 5069; x_wconf 84' lang='lat' dir='ltr'>Febr.</span> <span class='ocrx_word' id='word_1_403' title='bbox 992 5000 1064 5066; x_wconf 80' lang='lat' dir='ltr'>lad·</span> <span class='ocrx_word' id='word_1_404' title='bbox 1086 4999 1184 5069; x_wconf 86' lang='lat' dir='ltr'>Xlll.</span> <span class='ocrx_word' id='word_1_405' title='bbox 1203 5001 1278 5089; x_wconf 85' lang='lat' dir='ltr'>imp.</span> <span class='ocrx_word' id='word_1_406' title='bbox 1300 4996 1362 5063; x_wconf 73' lang='lat' dir='ltr'>IX</span> <span class='ocrx_word' id='word_1_407' title='bbox 1383 4994 1447 5063; x_wconf 86' lang='lat' dir='ltr'>filli</span> <span class='ocrx_word' id='word_1_408' title='bbox 1468 4993 1599 5165; x_wconf 58' lang='lat' dir='ltr'>Ottopig</span> <span class='ocrx_word' id='word_1_409' title='bbox 1609 4993 1681 5166; x_wconf 57' lang='lat' dir='ltr'>*nl</span> <span class='ocrx_word' id='word_1_410' title='bbox 1723 4996 1844 5062; x_wconf 79' lang='lat' dir='ltr'>Actum</span> <span class='ocrx_word' id='word_1_411' title='bbox 1865 4997 1998 5087; x_wconf 80' lang='lat' dir='ltr'>Papiae.</span> 
     </span>
    </p>
   </div>
   <div class='ocr_carea' id='block_1_17' title="bbox 0 0 2252 5954">
    <p class='ocr_par' dir='ltr' id='par_1_18' title="bbox 0 0 2252 5954">
     <span class='ocr_line' id='line_1_46' title="bbox 0 0 2252 5954; baseline 0 0"><span class='ocrx_word' id='word_1_412' title='bbox 0 0 2252 5954; x_wconf 95' lang='lat' dir='ltr'> </span> 
     </span>
    </p>
   </div>
  </div>
 </body>
</html>
