4462 5948
800 292 1181 394 monuerat
1214 291 1567 378 Albrecnt
1606 290 1652 371 l,

283 476 2193 537 -μ--ιι-ἑ--μ

902 559 1075 623 lleinrlcns
1094 558 1175 622 Dux
1196 555 1366 620 Saxonum
1387 568 1420 618 et
1442 546 1629 620 Werrie'rus
1642 555 1911 619 blonastericnsis
1929 553 2112 642 Episcopus
2134 571 2190 616 ex·

835 648 1032 735 peditionem
1053 648 1198 730 lecerunt
1223 664 1321 730 super
1340 640 1486 707 Sclauos.

872 747 975 805 Chron.
993 765 1048 822 reg.
1064 743 1166 802 Prslsl.
1183 763 1218 801 sn
1236 746 1315 804 itta
1366 825 1375 841 ·

905 856 1053 933 Qualiter
1074 853 1225 919 Saxones
1245 855 1369 918 vicinas
1391 864 1504 937 gentes
1526 843 1689 936 aggressi,
1719 848 1919 938 principibus
1944 851 2030 912 inter
2043 866 2094 911 ‘se
2124 846 2192 910 dis·

839 945 1055 1020 cordantibus,
1077 945 1118 1007 ad
1139 942 1272 1028 propria
1293 942 1516 1024 remeaverint,
1538 961 1560 1004 a
1575 941 1730 1004 memoria
1744 960 1866 1021 eorum,
1888 939 1943 1021 qui
1959 937 2063 1003 adhuc
2081 953 2193 1022 super-

839 1044 924 1110 sunt,
947 1032 1088 1094 nondum
1109 1032 1240 1094 excidit.
1273 1113 1283 1128 .
1888 1026 1897 1039 '

876 1130 944 1188 ouo
963 1129 1075 1204 frising.
1095 1132 1150 1187 viu
1167 1126 1271 1187 addo.
1291 1130 1315 1185 1.
1413 1154 1424 1173 ·

909 1238 988 1304 Cum
1007 1243 1079 1322 jam
1099 1238 1141 1302 ad
1153 1258 1253 1318 ‚arma
1279 1258 1321 1300 ex
1341 1247 1478 1317 utraque
1503 1248 1597 1323 parte
1623 1246 1753 1299 ventum
1781 1235 1909 1314 luisset,
1941 1230 2117 1296 Teutonici
2143 1248 2196 1292 ao-

833 1340 935 1413 ¹cepta
956 1329 1092 1413 pecunia
1113 1326 1323 1389 vendiderunt
1338 1323 1447 1387 Dacos
1469 1338 1624 1409 captoque
1644 1323 1770 1411 proelio
1782 1337 1827 1388 ‘se
1847 1319 2077 1386 subtrahentes
2094 1316 2196 1380 multa

844 1416 947 1480 millia
968 1414 1132 1477 Dacorum
1153 1414 1272 1476 occidit
1292 1410 1482 1475 sclavorum
1505 1412 1641 1495 gladius.

878 1514 998 1573 anselm
1017 1511 1153 1569 Gemhlac.
1171 1530 1205 1566 sn
1224 1514 1303 1569 11⁴8.
1319 1531 1363 1587 ap.
1379 1508 1479 1568 Pistor.
1499 1514 1524 1581 1,
1541 1513 1603 1569 965.
1623 1509 1781 1599 ,ΛἸΙκῐίοω
1798 1527 1832 1565 zu
1850 1510 1929 1565 1150.

911 1641 984 1722 Zug
1005 1639 1062 1702 der
1083 1636 1298 1702 Krcuzlahrer
1324 1636 1546 1723 (Peiegrime)
1572 1638 1631 1699 aul
1647 1636 1777 1718 Demyn
1799 1637 1865 1699 und
1886 1634 2022 1715 Dob5n3
2056 1631 2107 1695 dic
2129 1631 2198 1695 iio·

758 1792 767 1809 ,
845 1742 1013 1793 retmanne
1045 1726 1086 1789 Η.
1108 1724 1283 1799 Heinricbs
1310 1726 1376 1787 und
1404 1725 1548 1809 illarkgr.
1576 1724 1750 1789 Albreclrts
1779 1723 1914 1787 macheu
1942 1720 2095 1799 Frieden,
2125 1719 2198 1781 dals

847 1818 898 1880 die
921 1814 1077 1878 Wemlen
1100 1813 1254 1893 Christen
1275 1813 1410 1874 werden
1430 1812 1552 1892 sollen,
1581 1832 1654 1876 was
1678 1815 1754 1874 aber
1775 1811 1866 1874 nicht
1888 1806 2042 1894 geschah.
2085 1806 2199 1885 „ller-

846 1918 922 1986 toge
943 1902 1064 1965 liinrilr
1089 1901 1175 1963 unde
1195 1900 1236 1963 de
1256 1897 1464 1986 Murcgrevc
1492 1898 1640 1963 mochten
1669 1920 1712 1962 en
1733 1899 1801 1964 wol
1823 1901 1914 1962 dicke
1937 1897 2062 1961 hebben
2083 1905 2199 1972 sturet,

847 1988 1097 2142 ffldgssimm
1117 2006 1235 2051 ummo·
1249 2008 1286 2050 er
1306 1985 1453 2068 rordeei,
1484 1988 1543 2051 dai
1568 2009 1605 2050 se
1627 1988 1724 2107 dicke
1750 2006 1814 2051 ran
1840 2008 1883 2051 en
1913 1987 1997 2067 (den
2019 1981 2223 2099 Weudenb

883 2178 995 2232 lletmar
1011 2173 1055 2228 bei
1073 2172 1200 2228 Grruloss'
1216 2174 1244 2238 l,
1266 2173 1311 2229 38.
1347 2170 1438 2246 Vergl.
1457 2172 1545 2230 Crsnr
1563 2171 1676 2230 vandei.
1694 2175 1725 2239 d,
1750 2193 1774 2232 c.
1792 2175 1819 2227 3.
1842 2191 1869 2228 n.
1889 2168 1990 2225 Sa‘son.
2006 2171 2039 2231 6,
2057 2189 2083 2226 t.
2101 2170 2145 2226 ¹2
2161 2194 2200 2212 -

900 2246 959 2300 'seb
977 2243 1145 2314 waic-hist.
1168 2242 1220 2317 bip.
1238 2242 1343 2298 Carnis.
1364 2263 1379 2295 a
1402 2284 1410 2297 .
1429 2242 1546 2317 Lndwig
1563 2263 1615 2300 scr.
1637 2244 1731 2299 Bamb.
1749 2246 1776 2297 9.
1799 2243 1846 2297 hat
1867 2239 1984 2296 Bisebor
1995 2240 2128 2297 adelbert
2145 2258 2200 2297 ron

883 2248 1028 2372 hommem
1045 2331 1078 2365 zu
1097 2312 1185 2366 dieser
1204 2311 1264 2365 Zeit
1280 2314 1310 2366 iu
1325 2261 1409 2378 Bsrd,
1426 2312 1529 2368 Grirnm
1546 2312 1603 2368 nod
1619 2312 1749 2369 Tribusee
1767 2312 1886 2370 hehehrl.

896 2411 1091 2525 'Episcopus
1117 2424 1284 2501 illorariae
1313 2457 1384 2499 cum
1412 2438 1561 2525 plurimis
1589 2432 1756 2502 Saronico
1783 2439 1943 2523 episcopis
1970 2448 2002 2501 et
2031 2434 2201 2503 suonam

849 2530 969 2592 militia
991 2547 1084 2590 cruce
1105 2536 1250 2587 assumta
1272 2525 1553 2601 Pomeraniam
1574 2528 1657 2589 adiit
1678 2540 1711 2590 et
1724 2525 1929 2611 metruipolim
1943 2525 2055 2590 Stetin
2073 2540 2203 2590 armata

791 2680 799 2689 ,
850 2616 969 2679 militia
990 2613 1190 2676 circumdant
1209 2643 1254 2658 -
1276 2611 1450 2675 Pomerani
1476 2635 1550 2676 cunr
1577 2615 1727 2699 episcopo
1755 2635 1813 2676 suo
1836 2613 1972 2677 Alberto
2000 2630 2129 2676 canam
2149 2615 2203 2677 in·

851 2706 980 2785 quirunt
1001 2733 1046 2789 .-
1068 2697 1217 2762 Saxones
1238 2699 1345 2784 potius
1367 2719 1427 2784 pro
1449 2702 1625 2764 auferenda
1646 2714 1744 2781 terra,
1767 2721 1861 2782 quam
1883 2722 1941 2787 pro
1957 2701 2020 2763 lide
2036 2713 2203 2765 moverant

808 2850 815 2860 ,
851 2786 1002 2853 militiam
1024 2818 1069 2836 -
1090 2787 1241 2872 Episcopi
1257 2784 1424 2849 Senoniae
1446 2808 1519 2850 cum
1540 2791 1741 2876 principibus
1763 2790 1908 2869 redeunt,
1932 2789 2068 2853 oonsilio
2086 2787 2204 2889 dehis,

298 3190 420 3249 1111.
456 3218 649 3239 «ma-m
674 3216 822 3237 ................

852 2898 933 2961 quae
955 2875 997 2940 ad
1018 2894 1131 2961 pacem
1155 2886 1244 2953 sunt,
1267 2872 1377 2938 habito
1399 2885 1433 2937 et
1453 2874 1601 2961 plurimis
1624 2878 1751 2949 amissis
1773 2877 1938 2940 militibus.

888 2976 1012 3031 b'incent.
1030 2972 1156 3048 Progens.
1236 2971 1348 3029 Dobner
1366 2976 1390 3031 1.
1433 2972 1464 3029 S.
1487 2974 1554 3030 bber
1577 2973 1670 3034 diesen
1689 2977 1746 3052 Zug
1768 2995 1852 3053 gegen
1869 2973 2011 3033 Pommera
2034 2973 2084 3033 das
2103 2974 2204 3035 Werla

887 3045 943 3103 Die
957 3044 1157 3137 Belsgerungen
1174 2992 1290 3101 dietum
1308 3046 1387 3101 18³2.
1410 3046 1438 3102 8.
1456 3062 1490 3135 p.
1508 3047 1535 3102 l.
1563 3094 1570 3105 .

918 3170 1096 3237 Wibaldus
1117 3167 1301 3252 stabulens.
1324 3172 1436 3236 Abbas
1456 3173 1524 3235 suis
1545 3175 1696 3237 fratribus
1718 3174 1844 3236 scribit:
1870 3175 1957 3236 inter
1978 3185 2026 3237 tot
2048 3174 2203 3261 pericula,

780 3298 784 3304 ·
853 3280 934 3340 quae
956 3259 1008 3319 die
1030 3270 1189 3336 noctuque
1210 3260 1246 3322 in
1268 3261 1471 3343 expeditione
1493 3280 1589 3346 super
1609 3281 1755 3345 paganos
1778 3274 1869 3323 trans
1892 3262 2005 3325 Albim
2033 3264 2076 3326 iu
2098 3263 2207 3327 silra

852 3345 1020 3409 Ercinia
1043 3343 1242 3423 pertulimus,
1260 3346 1396 3425 jocundi
1416 3367 1526 3409 summ
1547 3360 1608 3410 etc.
1641 3369 1669 3409 s.
1691 3348 1713 3408 l.
1737 3367 1766 3409 a.
1788 3350 1821 3410 itt
1843 3348 1874 3409 d.

889 3438 1009 3497 blatteas
1027 3437 1139 3493 Durand
1157 3437 1230 3496 coll
1249 3442 1275 3505 2,
1294 3442 1356 3496 221.
1391 3442 1450 3500 Der
1467 3442 1525 3498 bier
1542 3441 1685 3515 gedrnchte
1699 3443 1865 3499 Brielscbatz
1883 3445 1932 3500 des
1949 3446 2021 3503 Abts
2040 3448 2153 3507 li’ihald
2170 3451 2206 3507 ist

888 3508 932 3564 liir
948 3508 993 3563 die
1010 3506 1037 3563 d.
1056 3504 1154 3569 Gcrch.
1173 3507 1221 3564 des
1241 3512 1283 3564 Ω.
1301 3508 1394 3566 Jahrb.
1416 3510 1481 3567 sehr
1502 3513 1673 3569 interessent.
1708 3512 1771 3568 l'uit
1790 3514 1952 3571 ll'icboldus
1970 3518 2094 3592 (Corhej.
2113 3520 2205 3591 abbas)

810 3612 816 3622 ·
888 3579 917 3635 in
934 3576 1106 3655 expeditione
1124 3588 1216 3634 contra
1235 3577 1341 3646 Slrros,
1360 3588 1420 3654 ssgt
1437 3580 1539 3635 Chron.
1557 3580 1668 3653 Corbej.
1687 3603 1730 3658 ap.
1748 3583 1862 3640 Paullini
1880 3590 1940 3643 395.

302 3729 422 3789 1112.
460 3756 655 3777 ......................
677 3744 824 3776 .................

920 3703 1158 3769 intraveramus
1185 3704 1251 3783 (im
1272 3705 1423 3789 August)
1444 3726 1522 3769 cum
1543 3721 1668 3770 armata
1691 3707 1809 3772 militia
1832 3710 2096 3778 Christianorum
2119 3719 2207 3802 prin-

854 3796 963 3881 cipum
977 3806 1104 3879 ·terram
1125 3791 1405 3856 Louticiorum
1427 3797 1619 3857 transmisso
1641 3795 1720 3859 Albi
1741 3797 1873 3860 ilumino
1895 3812 1927 3860 et
1949 3820 2077 3864 eramus
2103 3807 2140 3868 in
2156 3808 2206 3869 ob-

856 3884 982 3947 sidiono
1003 3882 1103 3944 castri
1118 3879 1236 3943 Dunin
1258 3869 1446 3961 (liemmin)
1468 3882 1527 3945 sub
1545 3881 1667 3946 vexillo
1690 3884 1852 3964 crucifixi3
1886 3887 1928 3948 da
1949 3885 2031 3969 habe
2054 3892 2130 3955 sicli
2152 3894 2207 3956 der

857 3974 1036 4053 abgesetzte
1063 3970 1132 4032 Abt
1152 3968 1309 4032 Heinrich
1337 3990 1400 4033 uon
1424 3970 1549 4051 Cowey
1576 3973 1613 4033 in
1641 3974 1870 4035 monasterium
1898 3973 2071 4039 Aldeslere
2100 3981 2209 4062 einge—

766 4116 770 4123 .
859 4060 994 4142 dringt,
1022 4069 1056 4120 et
1076 4068 1113 4121 ut
1133 4076 1192 4142 per
1212 4076 1273 4137 uos
1294 4077 1316 4123 a
1337 4054 1534 4123 nearchione
1555 4054 1740 4122 Adelbcrtc
1762 4060 1981 4139 induceretur,
2011 4064 2138 4127 ellicere
2160 4066 2210 4128 la-

857 4148 990 4210 boravit.
1033 4143 1172 4209 Reversi
1192 4165 1303 4209 sumus
1324 4148 1364 4210 ab
1386 4146 1590 4237 expeditione
1612 4144 1744 4211 Slaviea
1772 4149 1808 4209 in
1830 4150 1998 4211 nativitato
2027 4153 2055 4211 b.
2067 4152 2210 4216 'illariae

860 4232 1064 4317 (September
1086 4228 1143 4313 8),
1176 4230 1241 4297 Dic
1263 4231 1510 4317 Veranlassuug
1531 4236 1639 4299 seiraes
1660 4233 1854 4299 lllitzielrens
1881 4239 1929 4299 sei
1952 4256 2115 4319 genesen:
2147 4262 2210 4325 pro

780 4332 787 4344 '
858 4322 1044 4404 recipienda
1065 4322 1324 4404 regione,·quae
1346 4340 1367 4383 a
1390 4321 1577 4385 Teutonicis
1598 4320 1742 4404 Rujana,
1766 4321 1935 4390 asciscis
1958 4323 2209 4410 Benedicitur,

310 4927 429 4986 111⁸.
467 4952 657 4982 .....................
682 4952 829 4976 ................

858 4428 889 4475 ιι
912 4407 955 4469 Κ.
977 4406 1102 4473 Lothar
1123 4410 1195 4472 dem
1215 4406 1275 4471 lit,
1295 4409 1419 4489 Corrcy
1442 4407 1617 4490 geschenlrt
1640 4408 1730 4473 linire.
1764 4432 1789 4474 s.
1812 4410 1834 4473 l
1857 4412 1886 4473 d.
1911 4413 1941 4476 ἃ
1964 4432 2003 4473 a.-

895 4508 1071 4591 Ausgcrogen
1095 4526 1143 4563 ans
1167 4509 1253 4563 sineru
1271 4506 1350 4563 Briel
1364 4504 1491 4563 Wibrlds
1507 4526 1561 4563 ron
1581 4509 1650 4581 lilii
1672 4528 1706 4564 sn
1726 4509 1778 4565 den
1796 4509 1911 4566 Risclrol
1926 4508 2061 4567 bernhard
2079 4531 2133 4568 ron
2152 4515 2210 4572 ilii·

896 4576 1024 4637 dreheim,
1049 4598 1092 4653 sp.
1107 4576 1226 4635 dlarlene
1243 4576 1355 4634 Dnrsnd
1373 4574 1488 4663 collect.
1507 4580 1537 4643 ’1.
1549 4580 1618 4645 ι309.
1655 4576 1685 4639 S.
1709 4576 1836 4635 bedebur
1853 4579 1952 4635 Archiv
1971 4585 2002 4646 5,
2022 4582 2084 4639 dii.
2120 4582 2209 4661 l’ergl.

895 4647 997 4703 Chron.
1017 4640 1127 4721 Cerhcj.
1146 4646 1307 4779 umidi
1326 4664 1397 4704 men.
1411 4646 1530 4704 inodori
1549 4647 1687 4712 (haerebat
1704 4652 1838 4707 exercitus
1855 4652 1882 4703 in
1900 4649 2040 4705 obsidione
2058 4656 2140 4710 castri
2152 4656 2210 4713 Dc·

894 4715 1096 4856 dilabitfflssh
1115 4728 1142 4774 et
1160 4718 1268 4776 rcbns'
1298 4718 1402 4776 elicitos
1418 4720 1503 4793 gestis
1518 4710 1671 4781 recedebat}
1706 4719 1789 4777 alda
1811 4716 1928 4796 pericula
1950 4738 2051 4794 passus
2066 4721 2117 4799 init
2136 4725 2210 4785 ll'ie.

924 4912 1084 4977 ilenricus
1107 4914 1269 5000 depositus
1290 4918 1401 4983 Abbas
1422 4912 1676 4999 (corbeiensis),
1708 4914 1763 4995 qui
1790 4915 1874 4977 bona
1903 4901 2028 4981 nostra'
2043 4918 2212 5008 Groninge

860 5003 1060 5081 turbauerat,
1090 4998 1288 5067 Marchioni
1308 5002 1494 5069 Adelberto
1514 5003 1690 5089 persuasit,
1718 5011 1755 5062 ut
1783 4997 1838 5107 hic
1860 5022 1990 5089 operam
2013 5006 2106 5073 daret
2126 5012 2213 5098 apud
