4492 5954
751 282 875 351 -sns
899 266 1026 349 desn
1048 261 1243 348 llsnse
1270 258 1450 349 sude.
1837 350 1847 367 ,
1950 264 2063 351 145

198 443 2100 492 m

189 549 283 607 011.
316 581 507 604 Μ...
522 522 682 600 ¹...........„...
778 529 844 592 Die
865 527 968 592 Reice
988 546 1053 591 von
1072 524 1275 613 Magdebnrg
1296 522 1440 612 gesebah
1467 545 1507 588 su
1525 524 1580 589 W
1580 545 1684 599 asser:
1712 546 1770 611 per
1791 528 1911 596 Albam
1932 530 2062 599 fluvium

643 679 647 685 ,
712 618 749 681 in
761 612 958 682 Habalam
978 612 1158 701 prolapsu
1177 610 1387 677 Laetitiae
1408 611 1521 678 littora
1541 631 1641 694 usque
1663 613 1815 677 abductus
1837 628 1886 680 est
1906 650 1951 665 -
1972 619 2061 698 (oon.

713 701 904 807 stellante
925 702 1090 787 coempta)
1116 716 1178 789 pu
1203 710 1326 767 mn
1350 698 1560 765 Leutitiae
1588 717 1686 783 usque
1708 700 1871 766 Timinam
1898 714 2060 794 transpor.

713 799 881 946 mulsionyn.
898 870 954 927 sits
972 867 1083 928 Ottcnis
1099 887 1143 947 sp.
1160 864 1260 927 bader.
1278 872 1304 939 1,
1321 870 1383 928 609.

186 999 280 1061 011.
315 1030 509 1055 ............
533 1024 682 1049 Μ...
777 979 839 1043 Bei
860 975 1073 1061 Gelegenbeit
1093 977 1151 1043 der
1171 976 1325 1045 Ankunit
1351 974 1489 1057 Bischoi
1506 972 1611 1041 Otto's
1631 994 1695 1040 uon
1716 976 1877 1062 Bamberg
1903 980 1940 1043 in
1960 979 2059 1047 Deru.

712 1067 782 1130 min
803 1066 889 1131 wird
910 1064 1047 1128 eruiihlt:
1079 1063 1298 1130 Luticensium
1320 1066 1434 1129 civitas
1457 1084 1527 1126 cum
1550 1066 1625 1125 iano
1646 1083 1704 1126 sno
1725 1062 1911 1147 (Rethrai)
1932 1087 2060 1156 nuper

712 1163 782 1219 erat
804 1152 873 1237 igni
895 1152 1016 1215 tradita
1037 1171 1057 1214 a
1080 1151 1312 1235 gloriosissimo
1334 1171 1412 1235 rege
1428 1149 1597 1229 Lothario,
1618 1148 1687 1212 scio
1702 1151 1859 1232 justitiae.

747 1251 816 1308 Dies
834 1249 903 1306 mnis
921 1249 989 1304 1127
1008 1247 1157 1323 gescbcben
1175 1250 1241 1317 sein,
1259 1269 1306 1305 wo
1323 1245 1373 1305 der
1389 1246 1487 1304 Kriser
1502 1266 1547 1304 nn
1566 1246 1704 1323 Pfingsten
1721 1245 1780 1304 sicb
1798 1250 1825 1304 in
1837 1247 1989 1327 blerscburg
2001 1251 2056 1310 sni·

749 1319 825 1377 bielt.
860 1318 913 1374 Die
931 1316 1079 1383 Lentisier,
1107 1337 1140 1373 sn
1157 1318 1243 1374 denen
1261 1319 1386 1375 Denuntio
1403 1316 1477 1373 nicbt
1494 1317 1618 1392 gebino,
1639 1317 1750 1373 werden
1767 1315 1808 1374 sls
1825 1318 1927 1377 Heideu
1944 1321 2057 1394 gescbil·

746 1389 806 1447 dert
822 1385 877 1445 und
895 1385 999 1442 dbriten
1017 1389 1045 1442 iu
1057 1385 1106 1442 der
1116 1385 1262 1443 Ubersusrk
1278 1387 1333 1444 nod
1346 1386 1455 1443 Strelite
1472 1406 1504 1442 sn
1522 1385 1623 1443 sucbes
1635 1389 1701 1443 sein.
1718 1415 1754 1430 -
1771 1386 1893 1448 Andreas
1910 1392 1964 1449 rita
1975 1391 2056 1451 otto

746 1462 789 1517 nis
807 1479 850 1535 sp.
863 1454 978 1531 Lndcvig
995 1458 1088 1533 script.
1105 1454 1200 1514 Banb.
1217 1458 1280 1514 tat.
1314 1457 1449 1532 Anonyn.
1467 1457 1515 1515 vit.
1533 1455 1592 1514 ott
1609 1456 1645 1514 ib.
1664 1475 1693 1532 p.
1709 1457 1771 1515 692

186 1577 280 1641 010.
338 1573 494 1715 lim
547 1570 665 1633 touta
776 1562 970 1630 Adelbcrtus
991 1560 1145 1649 Arcbiep.
1168 1563 1353 1648 moguntin.
1375 1564 1415 1627 de
1437 1565 1622 1629 concambio
1652 1565 1739 1627 inter
1759 1567 1976 1664 praepositum
1999 1569 2055 1635 Gi.

332 1646 377 1716 (ΕΙ
492 1686 502 1702 ·
712 1653 966 1735 genburgensern
988 1661 1021 1713 et
1042 1641 1176 1714 bendes
1199 1651 1327 1714 comitis
1343 1645 1488 1738 R⁰d¹1ffi
1510 1651 1614 1717 dicti
1628 1645 1842 1716 Marcuonis
1863 1686 1906 1700 —
1928 1658 2055 1723 comitis

710 1738 808 1818 filins,
830 1736 991 1800 Rodnlfus
1012 1737 1154 1819 nomine,
1176 1734 1312 1800 habebat
1334 1737 1373 1802 de
1393 1737 1547 1802 beneficio
1569 1736 1753 1820 bloguntin.
1775 1738 1929 1803 ecclesiae
1950 1744 2055 1810 viuum

710 1824 823 1889 linson
845 1825 881 1887 in
901 1843 987 1908 pago
1009 1825 1247 1910 Wippergowe
1267 1836 1327 1888 etc.
1371 1823 1415 1890 D.
1437 1825 1477 1888 in
1496 1821 1716 1889 Rostebercbe
1747 1823 1795 1892 ld.
1816 1824 1882 1890 Jul·
1915 1828 1988 1893 Ind.
2009 1830 2055 1895 V.

711 1931 798 1976 antro
820 1912 913 1992 regni
934 1907 1083 1975 lotharii
1104 1910 1186 1982 lit,
2135 1918 2141 1929 “

746 2007 886 2068 bibldener
900 2026 964 2064 som
981 2006 1027 2066 Kl.
1045 2007 1075 2065 S.
1094 2005 1218 2082 Georges
1235 2008 1263 2065 iu
1279 2005 1362 2064 Tute.
1381 2008 1459 2069 1⁷⁴⁷.
1476 2008 1503 2068 4.
1520 2026 1549 2085 p.
1566 2008 1612 2068 24.
1645 2005 1784 2067 duduc
1793 2008 2000 2086 negaturus
2009 2016 2054 2075 61.

748 2078 876 2139 Scbnites
895 2082 920 2146 1,
938 2079 1000 2134 291.
1016 2106 1053 2121 -
1069 2075 1218 2153 Jtthaburg
1234 2080 1263 2135 in
1280 2075 1441 2154 Thuringeu

644 2186 648 2192 ’
776 2186 970 2253 Adclbertus
997 2185 1182 2269 Moguntin.
1209 2183 1365 2272 Arcbiep.
1392 2186 1544 2252 iratribus
1575 2181 1613 2251 S.
1635 2185 1775 2251 Martini
1802 2186 1841 2251 de
1861 2185 1967 2253 Domo
1995 2191 2054 2272 (in

710 2273 1042 2423 Mainsffraedium
1063 2274 1098 2335 in
1120 2270 1387 2357 Spurcbenbeysn
1407 2283 1625 2359 comparatum
1648 2293 1668 2336 a
1691 2273 1853 2337 comitissa
1873 2271 2053 2359 Richards,

711 2381 812 2426 uxore
873 2353 1216 2447 urchiouisRudoffi,
1236 2358 1359 2427 attilio
1381 2361 1553 2425 eonrndern
1580 2355 1699 2425 Udooe
1718 2360 1862 2425 tradidit.
1903 2361 1975 2427 Ind
1991 2363 2053 2429 Vl.

711 2447 861 2514 Lotltarii
882 2448 970 2531 regis
991 2465 1077 2509 anno
1099 2445 1160 2509 ΠΙ.
2089 2466 2093 2475 ·

745 2564 769 2605 s.
787 2543 868 2601 Wolf
881 2543 980 2601 Gescb.
998 2541 1047 2598 des
1059 2541 1225 2601 Eicbsieides
1243 2547 1268 2611 1,
1286 2545 1322 2602 86
1339 2543 1404 2602 Not.
1439 2541 1535 2601 Gnden
1552 2539 1623 2601 cod.
1636 2544 1661 2612 1,
1679 2544 1724 2602 76.
1754 2541 1868 2603 Krene
1885 2541 1960 2620 Oris.
1971 2542 2052 2607 Nus.

746 2617 809 2674 158.
824 2643 861 2658 -
878 2612 1089 2691 Spurcbcnbeisn
1106 2612 1173 2688 liegt
1188 2614 1232 2672 bet
1250 2612 1403 2672 Weinbeinr
1420 2614 1449 2671 ia
1466 2612 1515 2671 der
1532 2611 1614 2672 Piala.

603 2769 638 2792 ...
776 2720 826 2786 Eo
847 2732 1006 2807 tenpore,
1037 2738 1098 2802 quo
1120 2719 1200 2784 Otto
1221 2719 1398 2808 Episcopus
1423 2722 1501 2784 iana
1521 2719 1660 2784 mirandi
1682 2718 1788 2804 operis
1811 2719 1847 2782 in
1867 2723 1946 2784 urbe
1968 2720 2054 2788 Cbo-

711 2826 844 2893 aegowa
864 2805 1052 2887 (thzisow)
1074 2806 1265 2887 destruebat,
1287 2807 1390 2892 legati
1411 2806 1616 2871 honorabiles
1637 2800 1851 2870 Murchionis
1870 2800 2054 2873 Adulbem‘

712 2908 832 2960 statum
852 2896 923 2975 eJus
945 2893 1100 2955 curiosius
1122 2893 1355 2976 investigantes
1376 2912 1587 2979 supervenere
1608 2902 1641 2955 et
1655 2892 1799 2957 videntes
1816 2890 1984 2957 ecelesiam
2000 2897 2053 2962 dei

712 2981 783 3046 illio
804 2997 946 3044 crescere
967 2976 1084 3060 gaudio
1106 2998 1224 3060 magno
1247 2979 1462 3063 replebantur.

748 3075 870 3137 Andreas
887 3076 942 3135 sits
959 3075 1019 3135 0tt.
1035 3094 1079 3154 sp.
1096 3073 1213 3150 Ludwig
1229 3093 1281 3133 scr.
1298 3073 1393 3135 Bamb.
1409 3074 1472 3132 500.

673 3202 676 3207 ·
777 3185 866 3253 Dum
887 3205 926 3250 ea
948 3186 1139 3269 gerebantur
1159 3180 1261 3267 legati
1281 3177 1488 3247 marchionis
1508 3175 1686 3247 Adelbem·
1706 3176 1749 3247 de
1762 3177 1922 3247 Souania
1944 3207 2053 3273 super.

711 3285 877 3349 venerunt,
901 3291 997 3358 opera
1019 3282 1052 3335 et
1072 3280 1192 3333 statum
1214 3270 1354 3354 episcopi
1376 3268 1519 3332 studiose
1532 3268 1739 3353 inquirentes.
1783 3269 1931 3336 Marcbio
1953 3277 2052 3358 enim,

713 3381 785 3426 oum
807 3369 890 3421 esset
911 3358 1033 3421 amicus
1054 3355 1146 3419 valde
1174 3374 1213 3419 ac
1235 3354 1404 3418 familiaris
1424 3354 1601 3439 Episcopo,
1629 3354 1665 3416 in
1687 3366 1783 3437 gente
1803 3358 1939 3423 barbam
1966 3359 2054 3428 buno

712 3444 890 3534 periclitari
912 3445 1083 3523 metuebat,
1103 3440 1198 3522 unde,
1220 3442 1250 3505 si
1272 3461 1350 3529 opus
1371 3438 1513 3519 baberet,
1535 3439 1729 3526 praesidium
1751 3453 1784 3505 et
1803 3462 1894 3529 opem
1916 3448 1947 3509 ei
1968 3450 2053 3515 serra

713 3534 867 3622 cupiebat
910 3530 1086 3616 Episcopus
1106 3527 1231 3612 legatos
1252 3529 1337 3614 apud
1357 3547 1428 3591 sese
1449 3527 1561 3591 tandin
1575 3527 1718 3606 retinuit,
1741 3547 1901 3612 quousque
1914 3534 2052 3602 videndo

713 3634 746 3685 et
766 3618 924 3684 audiendo
947 3617 1119 3693 discerent,
1141 3615 1217 3697 quid
1239 3614 1278 3677 de
1299 3634 1357 3678 sno
1379 3626 1465 3678 statu
1487 3616 1606 3676 referre
1628 3614 1787 3677 deberent.

748 3718 881 3791 Anonym.
898 3717 953 3773 sits
970 3712 1057 3841 guad.
1076 3733 1119 3801 sp.
1136 3711 1234 3769 Lndw.
1251 3715 1305 3769 700
1322 3731 1348 3770 ιι.
1363 3730 1408 3799 ‚⁸1¹-
1427 3709 1563 3769 canisium
1581 3712 1608 3767 5.
1642 3709 1820 3770 ttulimus
1836 3712 1910 3771 batte
1927 3716 2052 3779 dicLsn·

996 3783 1114 3841 burkress
1131 3782 1185 3840 nod
1203 3782 1252 3840 das
1263 3780 1444 3850 Anbsitrscbe,
1464 3780 1518 3836 und
1534 3780 1633 3836 konnts
1650 3799 1702 3838 ron
1720 3780 1754 3837 ds
1768 3800 1815 3840 sus
1833 3783 1914 3842 fluite
1929 3786 2035 3852 leistcn.

641 3944 685 3967 ...
778 3903 838 3969 Est
859 3901 967 3966 insula
987 3920 1054 3964 non
1074 3900 1172 3985 longe
1194 3920 1213 3965 a
1237 3900 1365 3964 civitate
1386 3896 1532 3978 Uenoim,
1555 3895 1735 3962 Uerania
1755 3900 1903 3985 nornine,
1924 3905 1982 3970 aed
2002 3907 2052 3972 in.

593 4058 601 4069 ,
715 3991 805 4056 colae
826 3990 898 4053 duri
919 3999 953 4051 et
974 3989 1102 4051 barbari
1124 4002 1184 4051 etc.
1457 4002 1461 4009 ·

750 4085 813 4146 vin
829 4086 889 4146 ou.
906 4105 949 4164 sp.
968 4084 1059 4145 casu
1076 4085 1139 4145 lect.
1155 4095 1209 4144 ast.
1226 4087 1254 4143 ³.

607 4239 686 4261 .....
779 4195 883 4261 Erant
902 4205 994 4258 trans
1015 4214 1105 4259 mare
1127 4194 1264 4277 (Jenseit
1284 4190 1340 4254 des
1361 4187 1453 4252 Haffs
1474 4206 1537 4251 von
1558 4185 1699 4252 Usedosn
1720 4190 1799 4270 aus)
1822 4185 1961 4259 Barbari
1982 4215 2052 4263 cru-

714 4283 846 4348 delitate
866 4281 1064 4364 singulares,
1086 4282 1141 4362 qai
1163 4278 1320 4342 Verani
1342 4275 1502 4357 (Verani)
1523 4276 1724 4358 dicebantur,
1747 4279 1802 4358 qui
1824 4281 1944 4345 crebris
1965 4282 2052 4369 lega.

715 4372 856 4436 tionibus
878 4369 993 4432 Ottoni
1013 4368 1072 4455 Ep.
1095 4366 1334 4442 mandaverant,
1355 4364 1448 4445 qnod,
1470 4364 1500 4426 si
1521 4380 1659 4444 unquam
1680 4374 1784 4427 terras
1798 4386 1908 4430 eorum
1929 4368 2053 4436 intrare

738 4468 948 4532 renumeret,
976 4456 1048 4518 sine
1070 4474 1160 4517 mora
1187 4451 1283 4515 morti
1308 4470 1344 4512 se
1372 4450 1559 4514 tradendum
1581 4446 1687 4512 sciret.
1731 4447 1851 4516 Servus
1872 4466 1979 4518 antem
2001 4458 2055 4523 dei

715 4478 887 4608 &delricus
909 4541 984 4622 (ein
1006 4541 1171 4624 Begieiter
1191 4536 1301 4601 Biscb.
1324 4533 1447 4617 Otto's)
1474 4535 1552 4599 navi
1570 4554 1643 4599 cnut
1663 4537 1839 4624 interprete
1859 4539 2055 4610 Poloniense

717 4631 885 4714 impositus
906 4660 951 4674 —
971 4629 1134 4710 navigium
1163 4637 1213 4687 est
1241 4642 1421 4708 aggressus.
1465 4623 1548 4686 Tum
1568 4641 1644 4685 vero
1666 4657 1710 4670 -
1738 4637 1909 4710 tempestas
1934 4642 2056 4716 septem

718 4717 827 4779 diebsn
855 4715 1016 4777 continuis
1044 4714 1128 4776 mari
1148 4712 1319 4776 imminens
1347 4728 1472 4775 omnem
1493 4709 1700 4795 profectionis
1727 4709 1821 4796 bajus
1849 4718 1986 4781 cassant
2007 4719 2056 4784 in.

718 4803 904 4868 tentionem.

753 4882 875 4943 Audrm
891 4882 946 4938 sits
964 4881 1075 4939 ottonis
1092 4900 1136 4958 sp.
1153 4878 1251 4938 bader.
1269 4881 1331 4938 510.
1353 4880 1499 4966 ,Anonynn
1517 4879 1573 4964 sits
1590 4876 1676 4966 ejusd.
1694 4877 1759 4942 ibid.
1776 4880 1831 4940 705
1847 4892 1943 4944 scoot:
1971 4885 2057 4947 iussis

755 4953 869 5016 Uerania
886 4952 987 5010 babens
1003 4970 1075 5011 sune
1091 4952 1266 5026 interjectam,
1285 4968 1363 5029 qussi
1378 4951 1474 5009 tancre
1491 4966 1569 5007 nurus
1586 4947 1648 5005 dcci.

1543 5017 1661 5110 [19]

749 3790 800 3845 sits
817 3790 888 3855 iane,
905 3784 958 3842 den
