4462 5948
840 263 1127 347 Aelteste
1156 263 1389 347 zerten.
2026 262 2064 349 5

156 452 2064 493 m

712 527 818 590 millia
838 527 978 590 virorum
1001 549 1071 589 cum
1091 529 1242 591 uxoribus
1264 527 1361 591 simul
1382 538 1415 590 et
1434 510 1575 613 parvulis
1597 538 1761 592 venerunt.
1803 525 1875 591 Hoc
1894 526 2060 591 audientes

714 613 900 678 chlotarius
922 627 954 676 et
976 611 1176 696 sigibertus,
1200 635 1292 697 reges
1312 614 1523 694 Francorum,
1546 612 1706 678 Suevos
1724 613 1867 695 aliasque
1889 625 2002 697 gentes
2023 614 2061 676 in

712 700 792 764 locis
815 701 987 781 dequibus
1009 701 1107 763 iidem
1129 699 1278 764 Saxones
1301 701 1458 780 exierant,
1480 714 1664 787 posuerunt.

746 794 822 881 Paul.
840 795 1001 858 Wsrneirid.
1024 818 1047 857 s.
1067 798 1203 855 Diaconos
1220 802 1246 855 0.
1265 801 1292 855 b.
1318 798 1506 925 agolimtori
1524 800 1549 855 1.
1578 795 1612 884 ,G
1657 816 1696 856 or.
1713 796 1879 883 Turonensip
1895 798 1943 863 (ist
1960 795 2009 854 vles
2027 795 2059 855 P.

746 867 884 995 sibili}
895 867 1026 1014 litii.
1043 869 1088 998 ei.
1103 868 1222 999 Libii
1231 868 1531 1001 &remitti
1546 886 1613 996 bt·
1645 887 1769 1013 litt,
1777 869 1889 996 biit
1907 866 2060 1015 'ugron

1329 1062 1441 1148 5⁷2.

778 1190 945 1275 Saxones,
967 1195 1021 1275 qui
1044 1216 1116 1258 cum
1136 1195 1359 1279 langobardis
1382 1200 1415 1260 in
1437 1196 1571 1262 Italiam
1589 1205 1759 1274 venerant,
1782 1195 1817 1258 in
1840 1193 1965 1259 Gallias
1986 1214 2060 1281 per·

629 1255 635 1272 ⁸
710 1294 863 1362 rumpunt
885 1311 927 1328 -
949 1282 1033 1363 apud
1049 1281 1237 1344 Stablonem
1258 1284 1368 1344 villam
1390 1284 1587 1369 diripientes,
1609 1284 1750 1366 regressi
1771 1282 1808 1344 in
1823 1281 1963 1360 ltaliam,
1985 1302 2059 1368 per·

709 1367 875 1426 venientes
898 1367 1027 1427 taudem
1050 1368 1090 1427 ad
1112 1386 1221 1448 regem
1243 1366 1474 1449 sigisbertum,
1504 1370 1545 1433 ad
1566 1368 1687 1448 locum,
1714 1368 1800 1432 unde
1821 1369 1911 1453 prius
1934 1369 2057 1451 egressi

710 1452 853 1529 luerent,
878 1451 983 1512 redire
1003 1453 1152 1536 permissi
1173 1465 1264 1530 sunt;
1299 1455 1352 1532 qui
1375 1454 1449 1515 dum
1470 1455 1512 1516 ad
1532 1475 1624 1518 stram
1644 1456 1785 1541 patriam
1805 1456 1986 1532 venissent,
2007 1455 2058 1518 in·

709 1548 863 1601 venerunt
884 1556 955 1600 cam
977 1557 998 1599 a
1020 1536 1169 1600 Suavis
1192 1551 1225 1601 et
1247 1537 1347 1601 aliis
1370 1541 1558 1621 gentibus
1585 1542 1734 1618 retineri,
1764 1551 1878 1602 contra
1906 1558 1984 1621 quos
2006 1541 2057 1605 in·

708 1637 893 1708 surgentes,
926 1626 1035 1687 conati
1055 1636 1133 1687 sunt
1160 1645 1216 1687 eos
1244 1625 1407 1688 destruere
1433 1646 1472 1690 ec
1494 1626 1610 1689 delere.
1654 1625 1775 1693 Atilii
1802 1625 1986 1688 obtulerant
2007 1627 2057 1690 eis

708 1713 838 1774 tertiam
860 1722 985 1797 partem
1007 1713 1165 1794 regionis,
1193 1712 1351 1774 diceutes:
1383 1713 1481 1775 simul
1501 1732 1669 1797 possumus
1690 1714 1796 1776 vivere
1817 1723 1850 1774 et
1871 1712 1942 1774 sine
1965 1712 2056 1774 calli-

708 1801 799 1863 sione
815 1799 1024 1861 communiter
1041 1798 1194 1863 habitare.
1231 1798 1374 1880 Cumque
1388 1799 1439 1863 illi
1451 1799 1541 1863 nullo
1557 1801 1652 1863 modo
1667 1800 1919 1880 requiescerent,
1938 1797 2056 1862 dehine

709 1884 892 1949 obtulerunt
913 1887 961 1948 eis
983 1886 1202 1963 medietatem,
1234 1899 1307 1970 post
1333 1885 1413 1950 haec
1433 1887 1513 1951 duas
1534 1899 1661 1971 partes,
1691 1887 1754 1950 sibi
1775 1896 1903 1949 tantum
1923 1885 2057 1949 tertiam

707 1984 915 2035 reservantes.
959 1971 1151 2036 Nolentibus
1173 1983 1278 2035 autem
1306 1972 1373 2035 illis
1401 1973 1584 2038 abtulerunt
1611 1993 1683 2037 cum
1710 1972 1923 2036 terrestium
1945 1973 2057 2036 omnia

706 2078 840 2144 pecora,
869 2070 994 2122 tantum
1016 2071 1052 2122 ut
1069 2079 1091 2122 a
1114 2057 1196 2122 bello
1220 2071 1392 2124 cessarent
1437 2057 1504 2125 Sed
1526 2080 1586 2124 nec
1614 2062 1656 2124 iis
1679 2057 1829 2124 Saxones
1851 2058 2055 2139 adquiescen-

706 2160 766 2225 tes,
789 2159 952 2210 certamen
973 2157 1140 2232 expetunt,
1163 2158 1257 2226 atque
1279 2149 1518 2212 interserente
1541 2158 1718 2226 certamen,
1749 2145 1885 2227 qualiter
1908 2163 2055 2208 uxores

704 2231 884 2297 Suanorum
904 2234 1098 2312 dividerent,
1120 2244 1274 2296 statuunt
1321 2232 1389 2298 Sed
1410 2255 1477 2298 non
1500 2236 1564 2315 eis,
1585 2247 1622 2300 ut
1643 2237 1815 2320 putebant,
1837 2231 1953 2307 evenit,
1976 2249 2054 2294 nam

596 2320 599 2326 '
706 2323 874 2384 commisso
896 2319 1019 2407 proelio
1040 2321 1158 2403 viginti
1179 2320 1282 2384 millia
1304 2342 1346 2384 cx
1367 2323 1417 2386 eis
1443 2324 1636 2407 interempta
1657 2333 1749 2399 sumt,
1776 2317 1957 2383 Suanorum
1978 2336 2054 2381 vero

198 4824 262 4886 1³.
298 4847 492 4876 mmmmm
500 4849 666 5042 lum-mm

705 2410 930 2491 quadringenti
953 2410 1117 2491 octoginta
1140 2409 1337 2484 cecidermrt,
1366 2408 1482 2491 reliqui
1503 2430 1579 2474 vero
1608 2409 1776 2473 victoriam
1799 2406 1937 2490 capiunt
1984 2401 2054 2467 Sex

704 2496 808 2559 millia
830 2497 1013 2572 Saxonum,
1043 2497 1096 2575 qui
1119 2495 1201 2557 bello
1224 2497 1464 2582 superfuerant,
1493 2497 1702 2576 devoverunt,
1728 2515 1766 2558 se
1785 2511 1889 2573 neque
1911 2492 2053 2569 barbam,

704 2603 806 2664 neque
828 2583 962 2669 capillos
979 2584 1160 2662 iucisruos,
1188 2584 1254 2645 nisi
1280 2605 1316 2647 se
1345 2584 1384 2645 de
1408 2583 1551 2648 hostibus
1574 2580 1692 2649 Suavis
1719 2580 1964 2656 ulciscerentur3
1998 2578 2054 2657 qui

703 2671 818 2775 iterum
844 2688 986 2757 pugnam
1017 2671 1259 2754 aggredientes,
1294 2669 1500 2736 vehementer
1529 2671 1636 2737 attriti
1667 2680 1744 2734 sunt
1774 2679 1808 2732 et
1834 2666 1884 2730 sie
1917 2684 1939 2730 a
1966 2663 2053 2731 bello

702 2770 942 2900 qull’ihlerihilatccn
962 2838 997 2897 d‘e
1014 2849 1081 2917 gest
1099 2839 1221 2917 Longob.
1239 2839 1365 2899 biblii.
1384 2861 1443 2919 esp.
1460 2842 1487 2898 6.
1506 2843 1533 2900 7.
1557 2837 1629 2917 spurl
1645 2836 1772 2896 ilnmtori
1790 2836 1883 2913 script
1900 2833 1959 2895 tul.
1977 2833 2000 2891 Ῑ.

769 2937 926 3020 Tempore
949 2937 1024 3014 illo,
1053 2957 1113 3015 quo
1136 2937 1296 2999 Alboinus
1319 2940 1355 2998 in
1375 2937 1506 3000 Italiam
1527 2937 1691 3016 ingressus
1713 2944 1779 3009 est,
1810 2929 1998 2995 Clotharlus
2019 2939 2054 2994 et

703 3017 899 3099 Sygibertus
918 3019 1075 3082 Suevos
1096 3033 1129 3081 et
1150 3021 1233 3081 alias
1255 3031 1367 3099 gentes
1390 3023 1425 3081 in
1447 3021 1517 3080 loco
1539 3021 1596 3080 illo
1618 3028 1810 3101 posuerunt,
1840 3016 1877 3077 hi
1898 3017 1952 3095 qui
1974 3028 2054 3079 tem·

702 3122 780 3188 pore
803 3100 969 3182 Sygiberti
991 3105 1128 3183 regressi
1149 3114 1242 3179 sunt,
1265 3115 1378 3164 eontra
1400 3102 1460 3163 hos
1482 3115 1695 3184 consurgunt,
1718 3100 1860 3164 volentes
1882 3122 1939 3164 eas
1960 3120 1980 3164 a
2003 3121 2053 3164 re·

702 3189 800 3270 gione
820 3185 880 3247 illa
900 3188 1069 3249 extrudere
1091 3205 1130 3247 ac
1151 3188 1258 3247 delere
1277 3197 1338 3248 ete.
1383 3187 1473 3263 (Fast
1488 3186 1650 3251 dieselhcn
1662 3188 1796 3263 Worte,
1816 3186 1942 3253 welche
1957 3187 2050 3251 Paul.

700 3274 866 3336 Diaconus
888 3271 956 3333 ihm
976 3284 1194 3349 entnommen,
1217 3290 1279 3332 nur
1301 3271 1370 3333 daie
1393 3271 1519 3356 Gregor
1539 3273 1624 3339 noch
1645 3287 1732 3358 sagtt
1755 3271 1842 3339 6000
1865 3273 2052 3341 Schwaben

700 3359 815 3425 hiitten
836 3378 879 3421 au
900 3359 973 3422 dem
993 3357 1117 3444 Kampl
1136 3356 1233 3421 'l'beil
1254 3360 1470 3441 generantem)

735 3456 848 3532 Gregor.
865 3454 1016 3515 Turonens.
1033 3456 1080 3515 lib.
1098 3453 1132 3514 V.
1152 3475 1212 3535 cap.
1229 3457 1271 3516 15.

766 3565 931 3645 Saxones,
961 3566 1016 3647 qui
1042 3567 1083 3630 ad
1104 3565 1235 3630 Italiam
1258 3568 1352 3647 jussu
1374 3564 1588 3630 Theodeberti
1614 3567 1753 3632 senioris
1780 3568 2049 3652 demigraverant,

699 3676 771 3721 cum
793 3656 982 3738 conjugibus
1004 3666 1038 3717 et
1058 3654 1168 3719 liberis
1191 3655 1226 3718 iu
1249 3654 1373 3718 Gallias
1400 3665 1614 3740 prorumpunt
1636 3688 1679 3700 -
1701 3656 1759 3719 sed
1778 3676 1800 3719 a
1823 3654 1938 3719 Suevis
1960 3656 2050 3720 aliis-

699 3763 759 3825 que
780 3743 975 3821 nationibus,
999 3760 1079 3824 quae
1100 3743 1240 3827 patriam
1261 3762 1371 3806 eorum
1392 3752 1608 3828 pervaserant,
1631 3754 1725 3805 terna
1746 3744 1815 3807 acie
1830 3744 1983 3829 superati,
2007 3743 2049 3807 avi
2134 3738 2143 3751 “

698 3830 768 3894 XX
783 3829 886 3893 millia
907 3849 1037 3893 suorum
1058 3831 1157 3894 ferme
1179 3830 1392 3918 interemptis,
1413 3828 1530 3911 reliqui
1552 3829 1788 3895 conditionibus
1809 3830 1950 3895 hostium
1970 3830 2049 3895 licet

697 3919 791 3981 inviti
812 3928 995 4002 paruerunt

733 4017 850 4074 aimoin.
868 4035 912 4073 res
929 4025 998 4093 gest.
1016 4014 1116 4077 Saron.
1134 4015 1182 4078 lib.
1200 4016 1247 4077 111.
1265 4035 1323 4094 erp.
1341 4018 1367 4072 7.

764 4111 863 4178 Suevi
884 4136 960 4179 vero
982 4115 1190 4179 Tramaibini
1216 4115 1297 4199 (leg.
1320 4109 1563 4192 Transbaelani)
1588 4112 1680 4175 illam
1706 4132 1800 4194 quam
1829 4111 1977 4176 incolunt
1995 4130 2048 4177 re·

697 4204 826 4288 &ouem
848 4224 887 4266 eo
908 4205 1050 4289 ternpore
1072 4205 1274 4283 invaserunt,
1304 4220 1366 4282 quo
1394 4197 1543 4263 Saxones
1570 4220 1641 4262 eum
1663 4199 1886 4284 Langobardis
1905 4200 2046 4265 'ltaliam

696 4292 805 4355 adiere
827 4303 860 4354 et
880 4290 954 4355 ideo
976 4290 1075 4354 aliis
1097 4289 1256 4374 legibus
1278 4307 1373 4370 quam
1395 4283 1544 4350 Saxones
1567 4300 1709 4350 utuntur.

731 4387 884 4446 Witiebinrl
903 4388 1012 4461 Corbei.
1032 4388 1078 4448 lib.
1098 4389 1119 4447 l.
1155 4408 1178 4447 s.
1194 4386 1297 4443 Eccard
1320 4384 1353 4441 ‹le
1376 4383 1431 4443 reb.
1449 4381 1542 4441 l'rsne
1563 4387 1656 4441 orient.
1680 4390 1702 4442 1.
1727 4387 1773 4442 81.
1806 4383 1897 4441 Ueber
1914 4383 1959 4441 (lie
1977 4384 2046 4446 alise

730 4459 804 4535 leger
822 4479 845 4516 s.
862 4460 914 4515 deu
933 4457 1164 4545 sachsenspiegel,
1183 4457 1231 4513 das
1250 4444 1349 4514 (ihren.
1369 4453 1583 4582 Engclbusenum
1601 4453 1703 4525 (Melet
1720 4465 1772 4511 ant.
1786 4454 1927 4513 Brnnsvie.
1944 4475 1972 4533 p·
1989 4458 2045 4524 18.)

731 4548 759 4589 ιι.
777 4550 804 4589 v.
815 4527 932 4589 Ranmer
948 4529 1045 4589 Codex
1063 4537 1232 4587 conburatur
1248 4525 1399 4585 Braadenb.
1434 4568 1442 4585 .
1459 4545 1487 4606 p.
1507 4528 1568 4586 111.
1593 4600 1596 4605 ⁴

1307 4651 1429 4738 595·

760 4789 869 4855 Verni
890 4790 968 4857 victi
989 4789 1030 4876 (a
1051 4778 1254 4856 Childeberto
1277 4809 1354 4876 rege
1374 4783 1606 4871 Francorum),
1643 4798 1681 4853 ut
1700 4806 1814 4877 parum
1842 4806 1884 4852 ex
1905 4785 1973 4854 illis
1993 4805 2043 4856 re·

694 4880 876 4946 mansisset.

729 4959 870 5041 Fredegrr.
889 4981 948 5044 erp.
966 4962 1011 5024 11.
1045 4960 1165 5025 Aineia.
1180 4963 1207 5024 ³.
1224 4962 1269 5022 81.
