4462 5948
747 305 1123 394 eaensucue
1144 307 1401 395 liticen
1951 303 2045 392 22*

125 498 2032 542 Ἣ

738 574 780 639 ln
801 573 929 638 duanam
949 574 1029 639 Jare
1058 573 1135 639 toeli
1152 573 1288 656 =Keyaar
1307 574 1446 638 ilinrick
1472 593 1537 661 upp
1565 573 1605 637 de
1627 572 1784 637 Weudcn
1812 575 1855 656 by
1882 572 1941 639 der
1961 574 2027 641 lla·

671 660 743 728 vele
763 660 832 725 und
852 661 892 725 de
914 660 988 725 lude
1009 658 1254 743 lrcten·11aaely
1276 661 1344 724 und
1362 660 1468 725 hadde
1488 660 1559 725 vele
1579 659 1697 741 stride,
1724 681 1762 724 so
1784 660 1860 724 tocb
1881 658 1925 726 K.
1947 661 2029 728 llin-

639 778 643 795 =
674 750 744 814 nuk
765 767 824 812 vor
848 749 888 812 de
917 748 1089 813 borch-to·
1108 747 1425 813 Brandenborcb
1452 748 1536 813 unde
1564 744 1700 813 buwede
1727 766 1792 831 epp
1820 746 1878 811 dat
1902 769 1942 830 ys
1970 770 2029 814 vor

673 833 926 901 Brundenborelr
953 835 1010 899 dat
1030 834 1073 899 he
1093 836 1133 899 de
1155 833 1254 900 borch
1274 852 1355 900 wau
1376 837 1460 900 unde
1481 834 1612 918 beheylt
1633 836 1690 901 dat
1711 852 1812 917 gance
1834 832 1906 899 lant
1926 837 2030 900 under

498 960 502 969 ·
527 1010 532 1019 ¹
673 922 828 1074 slok.¹¹¹-¹
840 922 943 988 Alam
964 923 1100 988 makeda
1116 921 1160 988 K.
1180 922 1329 990 lliuurick.
1347 923 1422 988 den-
1436 935 1546 989 ersten
1566 923 1785 1009 Marggreven
1807 931 1841 984 tc
1862 920 2030 1005 handen·

673 1013 753 1074 bore
812 1048 815 1053 -
856 1028 878 1055 ²·
1012 1032 1018 1061 ·ι
1045 1034 1049 1047 ·
1090 1036 1093 1041 ·
1153 1050 1157 1057 -

630 1138 633 1147 ·
710 1107 815 1187 cinos·¹
830 1108 897 1187 ,rna
913 1104 1032 1166 neusa.
1049 1104 1194 1176 usone,
1210 1108 1356 1166 coecos

740 1216 914 1295 Heinricus
935 1212 1012 1279 Rex
1032 1214 1195 1281 Bobems
1217 1226 1251 1279 et
1270 1202 1421 1279 Sarabos
1441 1216 1481 1279 ab
1511 1214 1586 1280 aliis
1613 1216 1744 1300 regibus
1766 1215 1904 1281 domitos
1926 1227 1959 1281 et
1980 1235 2030 1282 ee·

675 1308 760 1366 teres
782 1298 998 1366 Sla'vorum
1020 1303 1155 1388 populos
1178 1322 1242 1366 uno
1266 1302 1382 1384 grandi
1402 1302 1527 1389 praelio
1549 1305 1598 1368 ita
1612 1304 1783 1390 percussit,
1805 1315 1909 1367 ut-
1930 1304 2029 1370 tribu·

674 1400 796 1452 tumet
819 1386 1102 1455 christianitatem
1122 1389 1208 1454 ultro
1228 1390 1464 1475 promitterent

442 1492 449 1501 '
565 1546 571 1554 .
707 1490 762 1554 dd.
779 1488 870 1552 Bren.
889 1494 919 1565 t,
939 1492 1001 1561 48.¹
1045 1548 1048 1553 .
1404 1568 1407 1573 ¹

130 1814 238 1872 -ιιο,
275 1842 470 1866 mm...
494 1803 645 1885 tepent.
742 1793 885 1876 Cumque
905 1794 1161 1879 viciriaegentea
1181 1791 1452 1878 aregeilenrieo
1473 1794 1578 1858 lectae
1592 1806 1701 1861 essent
1721 1796 1921 1877 tributariae,
1943 1797 2030 1865 Abo-

199 1936 202 1943 .
540 1926 544 1933 -
569 1918 574 1935 ·
674 1883 758 1960 triti,
779 1882 918 1961 Vulci,
939 1882 1115 1961 ileveili,
1136 1881 1323 1959 Dalmanei,
1345 1878 1494 1959 Boheuui,
1516 1880 1690 1945 Redarii
1712 1895 1745 1945 et
1760 1903 1827 1968 pax
1840 1896 1935 1964 esset,
1957 1884 2031 1950 Re·

678 1970 789 2037 daril
811 1969 1124 2039 defaenerandas
1141 1967 1625 2052 etucengregatamultitudine
1651 1971 1806 2055 impetum
1828 1973 1973 2036 lecerunt
1995 1974 2032 2036 in

675 2060 798 2136 urbem,
821 2077 901 2140 quae
924 2058 1041 2143 dieitur
1062 2054 1325 2134 Wallislevi,
1353 2076 1389 2119 cc
1428 2064 1567 2137 -runtque
1588 2076 1671 2119 ean.
1718 2060 1789 2132 Quo
1812 2059 1897 2123 lacto
1920 2079 2032 2123 omnes

385 2162 390 2169 ·
449 2130 465 2155 ''
493 2178 499 2187 ·
548 2146 557 2155 ”
611 2136 640 2177 “
677 2147 833 2227 barbarie
853 2132 1005 2209 annones
1026 2144 1292 2209 crectaeiterum
1312 2144 1387 2206 rebe
1490 2160 1589 2207 amne
1610 2154 1700 2222 suun,
1728 2144 1770 2206 ad
1792 2163 1926 2226 quarum
1948 2148 2031 2210 lero-

676 2235 818 2298 eltatem·
876 2232 1055 2296 rimandam
1070 2230 1210 2296 traditur
1222 2230 1383 2294 exereitus
1397 2248 1469 2293 cum
1480 2231 1643 2317 praesidio
1660 2228 1795 2295 militari
1810 2228 2031 2309 Baedunia,

531 2326 534 2333 '
669 2323 727 2386 ¹eni
746 2321 822 2407 ips'a
887 2320 1118 2384 eder-iorum
1139 2318 1352 2405 provincia
1372 2328 1444 2381 crat
1465 2317 1651 2401 sublegata,
1679 2319 1868 2400 additurque
1890 2319 2029 2406 legate

676 2408 803 2493 collega
836 2404 1058 2472 Thiatmcrue
1090 2418 1123 2471 et
1144 2407 1299 2489 jubentur
1324 2407 1436 2471 urbem
1471 2406 1632 2486 obsidere,
1670 2424 1753 2486 quae
1781 2406 1898 2471 dicitur
1925 2407 2031 2471 Lun-

665 2496 765 2573 ,kini
788 2529 831 2543 -
853 2495 928 2560 dato
950 2496 1046 2579 signo
1069 2495 1197 2557 irruunt
1218 2495 1255 2556 in
1277 2490 1397 2573 hostes,
1421 2491 1517 2575 (qui)
1538 2512 1612 2556 cum
1633 2511 1691 2578 per
1711 2511 1824 2557 omnes
1840 2512 1937 2578 agros
1958 2514 2030 2559 eae·

665 2581 843 2662 dancmar,
882 2583 924 2648 ad
944 2584 1056 2647 urbem
1076 2582 1217 2645 vicinam
1244 2581 1357 2665 lugere
1383 2581 1568 2657 tenutam,
1605 2578 1743 2663 collega·
1757 2592 1866 2644 eutem
1890 2579 1954 2644 hoc
1981 2582 2030 2646 eis

675 2682 895 2758 praecavente,
978 2672 1104 2735 xlmum
1122 2684 1212 2733 mare
1229 2666 1298 2747 (dic
1311 2667 1425 2750 Elbei)
1445 2668 1586 2752 ingressi
1606 2678 1683 2732 nunt
1704 2679 1737 2730 et
1757 2668 1807 2731 ita
1828 2670 1947 2732 iactum
1969 2681 2029 2748 eet,

465 2816 468 2827 .
669 2760 712 2825 'u't
734 2759 840 2827 omnis
866 2778 899 2820 m
935 2757 1037 2821 titudo
1064 2768 1127 2821 ent·
1149 2755 1264 2839 gladio·
1278 2764 1540 2835 enumeretur,
1567 2766 1625 2817 eut
1652 2754 1688 2819 in
1710 2758 1793 2820 mari
1820 2758 2027 2839 mergeretur.

579 2838 583 2847 '
675 2846 814 2931 Postera
835 2844 1057 2917 luce'movent
1078 2842 1275 2923 (Teutonici)
1294 2844 1392 2926 tigna
1412 2843 1485 2906 urbi
1506 2843 1681 2926 praefatae,
1703 2843 1820 2904 urbani
1841 2862 1917 2905 vero
1939 2860 2031 2906 arma

675 2932 857 3014 depunumt3
888 2930 1017 2993 servilis
1043 2939 1159 2999 aunem¹
1179 2928 1322 2991 conditio
1351 2948 1423 2991 cum
1444 2929 1597 2989 uxoribus
1624 2938 1658 2989 et
1678 2923 1758 2988 liliis
1780 2938 1814 2989 et
1833 2926 2031 3011 supellectile
2135 3004 2144 3013 ¹

629 3062 632 3067 <
674 3017 886 3076 barbarorum
903 3015 991 3093 regis
1013 3012 1236 3096 captivitatem
1254 3013 1413 3074 subibant.
1457 3011 1600 3092 legatus
1622 3030 1694 3073 cum
1711 3010 1837 3094 collega
1851 3011 2032 3081 Saxoniam

676 3098 816 3162 victores
836 3098 959 3159 mersi
980 3095 1159 3167 honorilice
1180 3114 1210 3159 ι·
1222 3113 1299 3179 rege
1319 3106 1396 3158 suut
1416 3096 1566 3182 suscepti.
2080 3170 2084 3180 ¹

708 3209 1005 3345 miescpmtihoppelpi.
1025 3200 1379 3348 &mmmm
1394 3206 1511 3271 Lenaea.
1540 3230 1563 3268 s.
1581 3209 1715 3270 Wereebe
1732 3211 1807 3273 Grae
1824 3234 1854 3295 p.
1872 3218 1933 3278 11⁴.
1964 3217 2030 3279 (ier-

742 3386 820 3481 Rex
840 3404 884 3471 ad
904 3390 1143 3491 reprimendam
1159 3390 1371 3479 lrar'baror'nm
1391 3374 1592 3470 iniecimtem
1609 3403 1859 3488 Beneharnum,
1881 3416 1935 3497 qui
1956 3415 2030 3483 Ro.

677 3496 884 3560 dariorum
904 3494 1071 3579 provincia
1091 3495 1262 3577 subjugata
1282 3504 1441 3580 praeerat,
1468 3513 1539 3557 cum
1561 3497 1705 3559 exercitu
1726 3499 1831 3580 misit,
1854 3499 2030 3586 legatum

678 3583 800 3648 addens
828 3576 1061 3645 Thietmarnm
1083 3580 1256 3663 collegam,
1284 3582 1499 3664 jubenturque
1527 3582 1673 3646 obsidere
1703 3587 1813 3648 urbem
1835 3586 2029 3673 Lunkini3

678 3673 789 3752 quinto
813 3668 990 3732 obsidionis
1006 3668 1058 3732 die
1078 3680 1236 3732 venerunt
1258 3668 1404 3731 custodes
1418 3666 1604 3732 nuntiantes
1625 3672 1833 3737 barbarorum
1854 3680 2031 3744 exercitum

589 3768 592 3775 '
678 3759 792 3823 edesse
820 3768 854 3821 a
879 3755 1005 3839 legatus
1032 3756 1176 3859 dictante
1189 3754 1328 3860 ¹collega
1355 3755 1541 3831 conventui,
1581 3757 1635 3859 qui
1663 3772 1734 3862 erat
1763 3761 1849 3825 circa
1877 3762 2029 3849 tentoria,

618 3946 621 3951 ·
680 3853 1322 3997 {titiuliiltttbbbtt
1329 3853 1482 3992 ciffi}
1502 3841 1572 3992 :50¹3
1592 3849 2031 4023 libididem

666 4040 759 4097 [vero
787 4018 1053 4099 innumerabilem
1080 4016 1315 4095 multitudinem
1339 4048 1384 4065 -
1410 4015 1557 4099 legiones
1590 4038 1664 4082 cum
1692 4019 1831 4086 clamore
1865 4040 1963 4091 ruunt
1991 4028 2030 4091 in

679 4106 793 4187 luentes¹
819 4134 862 4155 -··
891 4104 1017 4190 collega
1044 4104 1229 4193 postulante
1244 4098 1584 4189 ¹legatoflprneiectum
1612 4126 1685 4169 eum
1715 4104 1758 4172 50
1779 4112 1912 4177 armatls
1933 4111 2030 4178 lateri

680 4192 795 4259 hostili
815 4194 959 4258 immisit.
992 4192 1139 4275 Hostes,
1164 4213 1247 4257 cum
1288 4211 1324 4253 er
1346 4209 1456 4255 omnes
1477 4210 1574 4275 agros
1601 4194 1825 4276 caederentur,
1856 4197 1897 4262 ad
1919 4202 2031 4264 urbem

628 4352 631 4359 ,
680 4282 825 4360 vicinam
843 4282 953 4365 lugere
974 4283 1152 4361 tentabant
1179 4212 1333 4360 ,colliga
1353 4274 1416 4341 lroe
1436 4291 1645 4429 pflaecavente
1666 4283 1848 4368 proximum
1868 4300 1957 4349 marc
1980 4287 2031 4350 in·

680 4371 786 4454 gressi
812 4382 906 4449 sumt,
939 4369 987 4451 ita
1014 4369 1117 4451 muria
1135 4363 1312 4457 multitudo
1340 4375 1396 4429 aut
1420 4385 1444 4449 g
1466 4365 1530 4447 ¹dio
1558 4383 1745 4454 consumpta
1773 4383 1839 4450 cst,
1867 4375 2031 4438 autmari

537 4528 540 4535 ¹
610 4528 615 4539 ¹
644 4510 647 4515 .
680 4477 798 4523 mersa.
840 4456 978 4539 Postera
996 4455 1052 4535 die
1073 4457 1170 4540 signa
1190 4463 1318 4541 movent
1337 4452 1419 4532 tubi,
1442 4452 1605 4538 deponunt
1625 4457 1741 4520 urbani
1763 4477 1853 4520 mma
1874 4471 1908 4522 et
1929 4461 2029 4547 eapti.

643 4590 651 4625 ,.
681 4544 812 4609 vitatem
832 4545 992 4633 rnbibmt
1013 4540 1181 4631 ¹Lp¹get¹us¹
1201 4559 1273 4625 cupi
1285 4532 1475 4625 ,collegam
1493 4540 1691 4626 principibus
1708 4539 1893 4609 saxoniam·
1909 4548 2030 4613 reversi

580 4698 584 4709 ¹
616 4702 619 4707 ¹
681 4651 801 4716 aroge
821 4630 1000 4714 honorilipe
1020 4628 1226 4715 suscepti-¹-
1246 4626 1365 4714 'captivi
1381 4646 1431 4709 ex
1448 4638 1544 4713 pacto
1566 4641 1642 4692 sunt
1664 4632 1854 4695 obtruncati.
1889 4648 1893 4703 ;

717 4745 949 4806 Amssxst-
962 4744 1074 4802 dlieeee
1093 4743 1228 4803 Barbati
1265 4742 1369 4819 legatus
1386 4740 1577 4810 Redniumm
1599 4745 1637 4801 ist
1658 4742 1706 4802 der
1723 4758 1795 4804 erote
1812 4746 1949 4827 lirrlgral,
1968 4747 2030 4809 dem

719 4816 764 4873 die
779 4816 905 4877 Auisieht
922 4815 989 4875 lber
1005 4816 1049 4871 ein
1066 4812 1214 4887 slaviwlree
1228 4784 1328 4889 ilebiet
1349 4812 1448 4943 Ἐὰν
1464 4812 1538 4873 bini
1554 4814 1715 4871 Brandenbn
1768 4818 1879 4875 diesseit
1887 4819 1944 4875 tder
1960 4820 2029 4880 libbe

638 4920 643 4927 ·
719 4884 876 4961 iiberlragen
891 4887 943 4953 iat,
966 4903 1021 4943 von
1038 4874 1097 4943 dem
1116 4880 1161 4943 die
1178 4878 1338 4951 Geschiehte
1418 4882 1452 4940 de
1468 4882 1550 4959 gitbt
1586 4883 1636 4941 Ale
1653 4888 1704 4942 931
1745 4890 1768 4942 ie
1786 4887 1859 4944 llari
1878 4884 2030 4967 &illunis

718 4950 841 5035 angelcgt
857 4952 967 5025 warde,
984 4952 1070 5035 bellet¹
1085 4972 1116 5011 es
1137 4956 1211 5033 regni
1228 4956 1368 5035 terminum
1405 4964 1488 5011 ouem
1505 4952 1684 5035 ldarcluionem
1702 4975 1750 5013 rex
1767 4958 1805 5015 ibi
1823 4960 1916 5017 attint
1933 4971 1961 5015 ct
1979 4960 2028 5018 Sa·

592 5074 597 5087 .
718 5036 819 5087 nonum
836 5025 968 5084 ebone
983 5018 1212 5102 (mentm
1226 5024 1369 5085 Melum
1381 4972 1509 5102 hege)
1524 5023 1643 5081 babitare
1661 5030 1805 5107 praecepit.
1830 5031 1901 5091 Διι
1912 5029 1994 5091 Saxo.

1507 5093 1632 5185 [Ψ]
