4492 5954
745 302 748 308 Δ
779 256 1156 367 §benslaclrc
1179 260 1432 355 liciace.
1943 360 1949 373 ‚
1983 254 2061 341 39

159 452 2063 491 Μ

1320 571 1451 663 954.

269 791 277 808 ·
313 791 506 812 mmmm-m·
566 748 646 810 ³1¹⁵»
678 740 682 755 ’
776 753 850 838 Zog
870 752 1045 837 Markgrai
1062 751 1148 820 Gero
1174 754 1236 818 mit
1261 754 1334 820 clem
1354 753 1474 820 Kaisar
1494 752 1573 819 Otto
1600 771 1656 818 nir
1676 750 1885 837 Belagemng
1907 767 1972 814 von
1993 743 2063 812 Re·
2166 748 2171 755 '

711 842 872 926 gensburg
894 842 939 904 im
959 838 1122 926 Friihjahr
1144 840 1283 929 (pascha
1303 842 1381 906 Rex
1401 843 1488 907 (lucit
1509 853 1622 907 contra
1643 837 1876 921 Reiuesburg).

746 957 770 997 e.
788 937 908 996 Leutseb
926 936 998 995 Goro
1016 957 1044 1015 p.
1062 941 1108 998 91.
1144 939 1231 998 Vebse
1248 937 1284 1000 Κ.
1301 939 1371 998 Otto
1387 942 1450 1001 994.
1477 939 1669 999 numeror.
1687 958 1712 999 ι
1731 936 1808 1012 Lrng
1824 954 1857 992 an
1873 932 1909 995 B.
1943 929 2061 989 tvuicl.

748 1008 906 1082 Corbejens.
924 1007 1028 1066 cnon.
1045 1007 1105 1067 abb.
1123 1007 1252 1088 Ursperg.

267 1157 275 1174 ·
311 1152 507 1177 naon-mm
555 1111 665 1174 ΗΘΜ.
776 1112 824 1181 Eo
845 1134 932 1179 anno
954 1111 1083 1196 Sclavi,
1105 1119 1161 1197 qui
1181 1118 1330 1182 dieunttu
1350 1115 1495 1196 Ucbri,
1522 1138 1543 1182 a
1568 1109 1699 1180 Gerous
1721 1134 1794 1179 cum
1814 1130 1933 1196 magna
1956 1108 2063 1194 gloria

711 1202 828 1372 {lam
849 1203 974 1350 {protrusi
994 1203 1156 1289 pracsidio
1177 1216 1262 1269 esset
1275 1205 1353 1271 Dux
1369 1204 1537 1268 conradus
1560 1223 1581 1266 a
1596 1222 1672 1287 rege
1694 1203 1829 1281 missum
1850 1199 1971 1290 praeda
1985 1195 2063 1261 inde

745 1381 866 1441 Witech.
885 1381 994 1457 Corbej.
1011 1382 1061 1440 lib.
1079 1386 1108 1440 3.
1140 1385 1212 1444 aaa
1230 1385 1313 1445 sexo.
1350 1384 1673 1446 S.1·cutscllGer093.

184 1522 275 1580 uu.
311 1558 506 1579 ......„..........„„
536 1512 635 1577 liesbr.
648 1514 677 1577 6.
776 1508 854 1574 Otto
875 1507 952 1571 Rex
974 1508 1156 1573 interventu
1181 1500 1323 1576 Gerenis
1344 1507 1559 1576 Merchionis
1580 1509 1793 1587 monasterio,
1821 1506 1905 1589 quod
1934 1506 2061 1590 ipsein

709 1596 812 1661 Frosa
834 1596 870 1657 in
891 1593 1049 1661 honorem
1071 1593 1107 1662 S.
1125 1597 1255 1679 Cyriaci
1276 1599 1434 1680 Martyris
1457 1599 1647 1671 construxit,
1670 1617 1723 1659 res
1748 1597 1784 1657 in
1806 1612 1891 1680 pago
1914 1589 2060 1670 Suara,

711 1687 746 1748 in
770 1683 924 1746 comitatu
945 1679 1171 1759 Marcht'onis,
1191 1686 1228 1747 in
1248 1685 1327 1749 villa
1347 1686 1460 1767 Frosa,
1483 1685 1592 1749 donat.
1625 1683 1701 1748 Dat.
1717 1678 2058 1745 V111.ld.Decembr.

711 1770 781 1835 lud.
803 1767 864 1831 1V.
887 1770 981 1851 regni
1002 1769 1081 1832 XV.
1125 1771 1244 1835 Actum
1275 1813 1410 1838 .......

746 1865 822 1952 Naeb
840 1864 888 1920 der
904 1864 1036 1922 indiction
1060 1886 1094 1923 ru
1110 1869 1173 1953 961.
1196 1870 1287 1944 (regni
1303 1868 1420 1933 XXVl)
1452 1866 1638 1955 Beelmapui
1675 1867 1736 1924 184.
1760 1861 1879 1920 welrber
1895 1860 2061 1948 reclusisset

745 1930 1042 2076 grpppelsselbeplatpl'bep
1058 1935 1123 2064 t{lanu
1140 1937 1425 2068 ppprlpptffipposstrtl
1440 1935 1463 1997 F
1463 1957 1538 1996 rora:
1564 1956 1594 1996 ur
1610 1906 1674 1998 nlla
1691 1934 1893 2011 Rebarlhorp.·
1909 1931 1998 2009 Limg
2016 1934 2059 1999 te,

1321 2164 1449 2251 955.

472 2382 506 2402 ....
531 2387 538 2402 ,
637 2382 680 2404 ....
776 2328 880 2396 Varie
900 2342 1078 2419 pugnatum
1099 2341 1149 2398 est
1169 2351 1190 2397 a
1207 2328 1372 2421 praeside
1391 2328 1595 2398 wedrico
1609 2333 1761 2397 adversus
1775 2331 1936 2396 barbaros.
1978 2321 2061 2389 Crrm

712 2437 826 2507 capere
854 2421 945 2483 nisus
973 2433 1058 2484 esset
1086 2420 1245 2503 quarrdam
1270 2423 1382 2485 urbem
1408 2419 1539 2485 illorum
1561 2450 1605 2470 -
1628 2417 1739 2485 Sclavi
1766 2418 1909 2482 videntes
1930 2424 2061 2475 nostros

711 2508 747 2571 in
769 2519 859 2570 arcto
880 2508 963 2571 sitos
991 2509 1030 2570 ob
1059 2506 1281 2571 difficultatem
1308 2506 1372 2573 loci
1399 2527 1461 2572 nec
1489 2508 1616 2594 copiam
1642 2504 1761 2570 habere
1787 2501 1972 2591 pugnandi,
1999 2517 2061 2560 nee

709 2593 816 2657 locum
837 2593 990 2677 fugiendi,
1012 2595 1260 2676 insequebantur
1280 2614 1302 2658 a
1324 2606 1471 2678 tergeat
1492 2606 1698 2681 peremerunt
1719 2613 1761 2658 ex
1781 2593 1829 2657 eis
1850 2590 1893 2654 acl
1907 2588 2061 2671 quinqua-

710 2682 803 2766 ginta
823 2681 909 2745 viros
930 2680 1024 2746 loeda
1046 2683 1122 2767 luga
1149 2694 1332 2747 nostrorum
1359 2682 1445 2747 lacta
1465 2713 1510 2734 -
1531 2683 1648 2768 ingens
1675 2699 1776 2769 partu
1806 2695 1934 2743 omnem
1955 2670 2061 2741 Saxo-

709 2769 799 2832 suum
821 2768 949 2831 invasit

744 2863 865 2923 Witeeb.
883 2863 994 2937 Corbej.
1011 2862 1058 2921 lib.
1071 2867 1097 2920 3.
1128 2865 1197 2920 Ara.
1211 2862 1294 2923 Saxo.
1320 2863 1461 2921 nerxont
1496 2884 1556 2922 wer
1572 2861 1765 2920 inSelswaber
1783 2878 1866 2947 gagen
1884 2855 2057 2930 ilsungum,

745 2935 860 3008 sumplis
876 2950 968 2987 secum
986 2935 1080 3007 paucis
1097 2950 1131 2987 ex
1149 2931 1316 2998 Senonibus,
1344 2951 1378 2986 eo
1400 2883 1479 3007 quac}
1495 2935 1549 3005 lem
1570 2929 1670 2987 bellum
1694 2931 1866 2989 sbsoncun
1888 2936 2002 3002 urgeret.
2022 2955 2056 2968 -

746 2998 877 3067 Dietrich,
894 2998 1029 3071 llarlgrai'
1042 2998 1090 3053 der
1106 2999 1264 3068 Nordmark,
1282 2997 1353 3055 winl
1370 2998 1429 3054 hier
1446 3008 1535 3056 auersi
1552 2998 1682 3057 emunt

777 3122 999 3187 Wicmannus
1021 3120 1096 3200 (ein
1116 3119 1220 3186 nahor
1240 3120 1462 3188 Verwanuter
1480 3121 1600 3188 Kaiser
1621 3120 1762 3207 Otto’s),
1779 3126 1893 3208 juncto
1914 3122 1978 3187 sibi
1998 3120 2058 3186 Ec·

709 3211 811 3289 berto,
833 3228 924 3272 arma
944 3209 1043 3270 sumit
1064 3218 1176 3271 contra
1198 3208 1434 3292 imperatorem,
1456 3209 1615 3272 industria
1636 3222 1743 3275 autem
1762 3210 1864 3276 Ducis
1877 3209 2058 3274 Hermanni

709 3296 751 3376 (v.
774 3292 935 3371 Sachsen)
956 3305 1048 3355 traria
1062 3292 1196 3357 Albium
1217 3293 1315 3372 (eum)
1338 3295 1445 3376 coegit
1466 3292 1566 3376 (954)
1610 3294 1667 3359 llli
1681 3299 1884 3361 sociaverunt
1900 3299 1961 3362 sibi
1976 3298 2057 3361 duos

709 3379 897 3464 subregulos
925 3380 1149 3459 barbarorum,
1176 3374 1361 3445 saxonibus
1381 3382 1454 3463 jam
1481 3378 1559 3444 olim
1580 3381 1715 3447 infestos
1736 3380 1911 3448 Naronem
1937 3395 1971 3447 et
1991 3385 2055 3446 lra-

709 3481 792 3533 trem
811 3470 881 3551 eJ'us
904 3462 1157 3552 (Stoinuegin).
1191 3464 1315 3530 Ductus
1338 3468 1496 3531 exercitus
1517 3487 1538 3531 a
1559 3466 1651 3532 Duce
1672 3471 1793 3556 reperti
1813 3469 1946 3534 suntin
1967 3472 2056 3549 urbe,

710 3575 790 3638 quac
811 3553 932 3617 dicitur
953 3549 1328 3633 suithleiscranne,
1350 3565 1384 3618 et
1403 3572 1486 3640 pene
1507 3565 1589 3634 erat,
1609 3565 1646 3618 ut
1668 3567 1857 3642 caperentur
1879 3576 1951 3621 cam
1967 3558 2056 3636 urbe,

709 3643 745 3706 ni
768 3641 906 3706 clamore
928 3640 1091 3725 cujusdam
1112 3640 1346 3720 excitarentur,
1381 3642 1483 3704 eaesis
1511 3651 1620 3704 tamen
1649 3654 1725 3705 ante
1751 3654 1879 3729 portam
1905 3644 1994 3708 urbis
2015 3644 2057 3707 ad

711 3729 826 3794 0000
847 3729 982 3792 minatis
1003 3726 1081 3790 Dux
1101 3726 1320 3791 Herimannus
1342 3727 1484 3791 discedit.
1528 3725 1629 3791 Facto
1650 3739 1725 3792 sunt
1746 3731 1782 3793 in
1804 3730 1900 3794 initio
1924 3730 2057 3812 quadra·

710 3814 875 3901 gesimalis
889 3816 1017 3899 jejunii.
1061 3815 1199 3878 Barbari
1221 3833 1296 3879 vero
1316 3825 1391 3899 post
1404 3813 1586 3901 proximum
1601 3813 1731 3878 Pascha
1750 3817 1879 3880 irruunt
1899 3818 1936 3881 in
1950 3818 2056 3900 regio-

710 3922 795 3983 nem,
818 3901 928 3965 ducem
950 3901 1104 3965 hebentes
1125 3901 1377 3981 wicmannum,
1399 3899 1457 3963 sed
1477 3911 1511 3962 et
1531 3898 1610 3962 Dux
1629 3899 1850 3966 llerimannus
1871 3923 1942 3967 cum
1964 3923 2057 3988 prae·

708 3990 791 4054 sidio
814 3987 949 4054 militari
971 3990 1070 4052 adest
1117 3987 1214 4051 Civili
1235 3986 1318 4052 bello
1340 3995 1475 4070 urgente
1491 3986 1664 4051 arbitratur
1683 4000 1733 4051 est
1754 3986 1856 4069 (Dux)
1879 3991 2057 4056 consultius

709 4077 837 4140 dilierrc
859 4088 1020 4138 certamen
1041 4073 1298 4156 multitudinlque
1320 4072 1393 4153 (der
1407 4070 1618 4154 neasclea),
1641 4093 1721 4154 quae
1742 4076 1883 4138 maxima
1906 4077 1942 4139 in
1957 4096 2056 4142 unam

708 4166 817 4227 urbem
839 4161 1045 4242 confluxerat,
1066 4162 1227 4246 imperare
1248 4179 1370 4241 quoquo
1391 4170 1485 4244 pacto
1506 4170 1647 4245 possent,
1670 4181 1782 4247 pacem
1803 4162 2054 4247 expostularent.

708 4250 844 4314 Faciunt
866 4251 951 4313 cives
974 4249 1371 4313 cocarescemiorum
1391 4265 1503 4330 pacem
1524 4266 1563 4308 eo
1577 4259 1682 4333 pacto,
1704 4266 1766 4329 quo
1781 4247 1874 4312 liberi
1890 4269 1961 4312 cum
1976 4269 2055 4312 uxo-

708 4337 796 4400 ribus
818 4350 851 4401 et
872 4337 961 4400 natis
982 4355 1079 4422 supra
1100 4355 1226 4399 murum
1252 4335 1390 4396 inermes
1417 4331 1642 4411 ascenderent,
1673 4335 1856 4399 conditione
1884 4335 1994 4403 servili
2021 4349 2056 4400 et

599 4424 603 4431 “
707 4425 798 4488 omni
819 4422 1027 4510 suppelectile
1048 4424 1086 4486 in
1102 4423 1206 4486 medio
1227 4420 1315 4484 urbis
1337 4418 1465 4498 relicta3
1487 4439 1558 4482 cum
1580 4421 1669 4483 intra
1683 4423 1794 4484 urbem
1809 4422 1968 4485 irruerent
1983 4425 2054 4486 bar·

707 4511 790 4589 bari,
812 4513 941 4592 quidam
962 4509 1092 4573 illorum
1112 4527 1204 4572 suum
1218 4507 1412 4593 mancipium
1433 4507 1581 4589 agnoscit
1602 4508 1638 4569 in
1654 4509 1816 4592 cujusdam
1830 4507 1937 4573 liberti
1953 4529 2056 4572 rrxore

708 4597 897 4678 irritumque
918 4609 1047 4683 pactum
1074 4617 1115 4658 ex
1135 4607 1228 4684 parte
1250 4592 1418 4660 Saxonum
1444 4592 1666 4679 proclamitat,
1699 4595 1783 4658 uncle
1804 4594 1860 4673 fit,
1886 4608 1923 4659 ut
1944 4616 2056 4660 omnes

708 4680 884 4766 (Saxones)
904 4685 977 4746 neci
999 4683 1122 4745 timent
1167 4682 1260 4757 Quod
1280 4681 1385 4747 scelus
1400 4679 1580 4767 Imperator
1600 4678 1712 4744 ulcisci
1733 4681 1883 4764 perrierus,
1906 4685 2056 4765 regiones

710 4771 917 4834 barbarorum
944 4767 1106 4832 hostiliter
1132 4768 1283 4849 intravit,
1321 4769 1491 4848 omniaque
1521 4766 1676 4833 uastando
1730 4788 1767 4830 er
1797 4766 1873 4831 illos
1906 4770 2055 4851 regiones

711 4857 802 4922 (luxit
828 4858 1020 4937 exercitum,
1053 4856 1155 4919 donoc
1177 4859 1305 4921 tandem
1328 4857 1442 4921 castris
1463 4854 1579 4939 positis
1600 4874 1696 4941 super
1759 4873 1870 4918 axam
1893 4853 2055 4940 (Tarum)

698 4945 839 5037 ¹llurium
865 4945 908 5013 ad
934 4943 1194 5012 transmeandum
1224 4944 1393 5034 paludibus
1423 4938 1648 5008 difficillimum
1679 4943 1719 5010 ab
1748 4939 1894 5011 hostibus
1921 4944 2054 5012 circum·
