4492 5954
684 286 688 299 ·
812 213 1321 364 'ocrnan-
1555 248 1647 293 ’·
1905 270 2021 391 rso

669 643 833 695 verterunt
854 642 888 694 et
902 632 1174 720 baptizaverunt,
1744 648 1746 654 ι

705 730 776 786 aab.
798 729 951 786 Cirnensis.
989 727 1090 788 Chron.
1109 749 1153 804 sp.
1171 725 1265 790 Leibn.
1283 730 1310 797 l,
1330 731 1363 785 19
1381 726 1553 803 (suigerus).
1590 727 1693 792 (ihren.
1715 747 1758 807 sp.
1777 726 1870 787 lisder
1884 728 1939 785 att
1956 725 2020 799 (ist
2063 685 2065 688 >

704 802 781 875 ittig:
800 799 918 856 Silridus
931 797 1061 870 lisand).
1096 797 1304 856 Kaiscrchronil
1321 799 1365 856 bei
1383 798 1453 856 Abel
1469 821 1498 879 p.
1517 800 1578 859 135.

735 907 906 994 Expeditio
928 920 1020 973 trans
1042 907 1155 973 Albim
1176 921 1290 973 contra
1310 904 1436 990 Slavos.

704 1006 806 1065 Ohron.
824 1007 949 1065 Stederb.
966 1006 1047 1066 lleib.
1066 1011 1091 1076 1,
1109 1009 1171 1065 153.

734 1116 786 1181 Dc
809 1116 876 1198 (W
876 1117 990 1198 enedo)
1014 1087 1150 1184 iiorden
1173 1136 1356 1200 gewunnen
1378 1115 1451 1198 (ani
1469 1116 1541 1183 dem
1561 1114 1771 1199 Kreunuge).

702 1214 805 1284 chron.
825 1214 927 1274 laceb.
945 1214 1056 1272 Eccsrdi
1074 1236 1102 1294 p.
1120 1218 1199 1299 ibit).

566 1392 571 1403 ,
737 1322 906 1387 Corradus
927 1323 1006 1387 Dux
1034 1324 1073 1386 de
1094 1324 1255 1406 Zaringin
1283 1325 1463 1407 designavit
1491 1344 1527 1389 se
1555 1344 1627 1388 cum
1656 1323 1730 1387 aliis
1758 1342 1815 1407 per
1838 1318 2017 1385 Saxoniarn

670 1421 783 1474 eontra
804 1429 949 1494 paganos
971 1423 1061 1473 nens
1083 1410 1201 1473 ssurnen
1223 1411 1309 1474 Alba
1332 1413 1452 1475 dictum
1473 1446 1517 1458 -
1539 1414 1733 1475 invenerunt
1754 1423 1874 1489 terrain
1896 1409 2034 1470 inviam-

600 1569 602 1573 ,
671 1509 704 1580 et
723 1495 816 1560 valde
839 1517 990 1577 aquosam
1012 1496 1180 1582 paludibus
1202 1496 1350 1584 plenam,
1382 1498 1580 1562 habitatores
1606 1519 1673 1562 non
1694 1497 1792 1562 simul
1820 1513 2017 1558 commoran-
2147 1558 2155 1578 Ι

670 1597 729 1663 tes,
751 1585 808 1646 sed
830 1585 1001 1669 dispersos,
1024 1595 1149 1648 utnon
1171 1584 1265 1647 facile
1285 1587 1426 1648 inveniri
1447 1598 1587 1670 possent.
1631 1586 1801 1650 Exercitus
1817 1581 2017 1647 Christiano·

670 1672 741 1736 nun
763 1672 950 1754 ignorantia
971 1666 1114 1734 locorum
1136 1673 1336 1736 extaediatus
1357 1676 1437 1735 sine·
1451 1674 1565 1736 effectu
1585 1692 1731 1737 reversus
1752 1682 1811 1736 est.

706 1767 807 1827 Chron.
825 1767 1013 1851 l’eterslrnsen.
1050 1767 1138 1827 Gerus
1158 1788 1227 1826 saer.
1242 1749 1335 1847 prodr.
1355 1774 1379 1838 t,
1397 1773 1459 1828 381.
1540 1773 1550 1794 ·

717 1864 860 1960 lilag'na
881 1876 1048 1941 multitudo
1070 1879 1271 1961 signatorum
1293 1890 1406 1943 contra
1426 1899 1571 1964 paganos
1593 1877 1776 1960 aquilonem
1796 1897 1906 1942 versata
1928 1872 2018 1939 habi·

669 1976 776 2028 tantes
797 1966 942 2050 proiecta
963 1976 1027 2043 est,
1050 1976 1086 2026 ut
1107 1986 1162 2027 eos
1184 1978 1241 2042 aut
1263 1965 1469 2029 Christianae
1491 1965 1644 2050 religioni
1665 1966 1851 2044 subderent,
1874 1976 1930 2026 aut
1951 1981 2019 2024 onr-

668 2054 748 2115 nino
778 2051 936 2128 dolerent;
974 2050 1071 2134 hujus
1099 2053 1313 2137 expeditionis
1341 2054 1502 2139 principes
1532 2065 1626 2117 erant
1658 2052 1839 2115 Frideric'us
1865 2049 2016 2132 Magdeb.

669 2137 834 2223 Archiep,
861 2133 1022 2204 Whereas
1038 2132 1605 2223 Brundenbrcrgensis,Ansbclmus
1619 2134 1917 2224 Hauelbergmsis,
1932 2135 2017 2200 Con·

668 2227 766 2288 radus
786 2224 952 2302 Marchio,
975 2220 1180 2373 ‘⁴51⁸le
1200 2222 1361 2290 Murcido
1384 2238 1442 2290 etc.
1466 2246 1539 2292 cum
1560 2227 1635 2290 aliis
1657 2225 1782 2304 multis,
1795 2230 1938 2307 ‘quorum
1959 2240 2018 2284 nu·

631 2333 633 2336 ’
668 2330 775 2375 merus
796 2324 867 2375 erat
888 2310 952 2374 LX
974 2313 1018 2373 mi
1045 2311 1087 2373 ia.
1183 2358 1187 2365 .

704 2409 805 2468 Cbron.
823 2429 858 2469 rn.
876 2410 978 2467 sereni
991 2439 1026 2451 -
1043 2407 1096 2467 liin
1113 2408 1209 2466 snrl'rer
1221 2408 1281 2485 an
1290 2420 1369 2468 anter
1380 2409 1506 2468 licinrieb
1519 2409 1579 2470 den
1592 2408 1695 2468 waen
1708 2412 1771 2487 ging
1782 2408 1857 2467 mebr
1868 2403 1999 2466 nordlicl.

682 2548 696 2597 '.
733 2519 903 2602 Principes
918 2516 1085 2581 Saxoniae
1108 2538 1179 2581 curn
1200 2519 1322 2582 duabus
1343 2521 1458 2583 turmis
1479 2539 1539 2603 per
1560 2520 1640 2583 duos
1661 2520 1768 2584 editus
1783 2515 1947 2582 Salariam
1968 2515 2017 2579 in·

520 2645 527 2657 ·
668 2615 756 2757 trpppp
777 2605 1000 2757 estupeenepstant
1022 2615 1153 2684 terram,
1176 2606 1315 2669 obsessis
1336 2607 1566 2670 munitionibus
1588 2626 1708 2670 corun.

732 2822 835 2888 Volat
856 2825 941 2887 sama
970 2822 1054 2905 (deis
1075 2823 1188 2889 Niclot
1209 2826 1255 2888 im
1276 2824 1356 2892 luni
1378 2826 1407 2891 d
1428 2825 1460 2890 J.
1483 2829 1517 2890 i'n
1539 2825 1706 2912 Wagrien
1728 2825 1935 2910 eingeiallen)
1957 2842 2016 2910 per

665 2911 848 2983 tmiaersam
863 2909 1045 2977 Saxoniam
1068 2924 1101 2976 et
1118 2910 1341 2992 westfaliam,
1364 2915 1439 2993 quia
1461 2911 1580 2978 Slavi
1601 2917 1686 2978 sacta
1708 2915 1875 3000 eruptione
1896 2911 2015 2977 bellurn

665 3000 791 3090 priores
814 2999 923 3063 adorsi
943 3000 1064 3063 fuerint
1090 3010 1124 3077 et
1144 2999 1311 3063 festinavit
1332 2998 1391 3062 illa
1412 3000 1573 3086 expeditio
1594 3001 1691 3084 signo
1719 3001 1823 3064 crucis
1849 3001 2016 3083 insignata

666 3086 858 3163 descendere
880 3087 916 3149 in
938 3098 1058 3150 terram
1080 3083 1261 3150 Slavororn.
1306 3086 1493 3167 Partitoque
1520 3089 1664 3151 exercitu
1692 3087 1883 3151 obsederunt
1903 3087 2015 3151 Dubiri

536 3187 540 3193 '
666 3186 699 3239 et
720 3173 845 3254 Dimin,
866 3175 955 3238 venit
979 3193 1101 3255 quoque
1122 3166 1290 3237 Da'norum
1313 3175 1473 3237 exercitus
1495 3176 1712 3238 -dixerunt
1732 3186 1839 3239 autem
1857 3173 2015 3238 satellites

665 3261 767 3326 Ducis
789 3273 823 3325 et
843 3256 1028 3325 Adulter-ti
1050 3256 1266 3323 Marcbionis
1287 3261 1328 3323 ad
1351 3261 1504 3341 invicem,
1529 3281 1638 3324 nonne
1660 3275 1764 3342 terra,
1795 3282 1890 3344 quam
1904 3267 2015 3325 'vasta

665 3370 746 3428 mus,
770 3361 857 3412 terra
878 3360 992 3413 nostra
1011 3353 1063 3430 'est
1083 3358 1117 3410 et
1137 3346 1274 3434 populus
1296 3350 1426 3410 nosteri
1447 3381 1492 3394 -
1513 3347 1631 3412 Nonne
1647 3351 1778 3432 J‘actura
1799 3348 1880 3413 haec
1899 3349 2015 3412 redun-

666 3437 723 3500 dat
744 3438 779 3500 in
802 3436 949 3501 dominos
970 3435 1120 3498 nostrast
1161 3433 1349 3521 Coeperant
1376 3453 1454 3517 ergo
1482 3455 1504 3500 a
1524 3435 1577 3498 die
1598 3435 1657 3499 illa
1682 3437 1786 3499 iacere
1813 3438 1848 3498 in
1870 3436 2015 3499 exercitu

667 3523 948 3610 tergiversationes
981 3533 1014 3585 et
1035 3506 1234 3586 obsidionem
1261 3520 1483 3606 msdtiplicatis
1511 3521 1650 3587 induciis
1678 3521 1831 3601 allevare,
1868 3523 2015 3604 quotiens

665 3604 878 3676 vincebintur
899 3607 1003 3688 Slavi,
1025 3610 1223 3673 retinebatur
1244 3609 1422 3688 exereitus,
1446 3600 1684 3692 ne.iugitantes
1705 3612 1949 3691 insequerentur
1970 3639 2015 3658 -

665 3698 721 3763 Ad
741 3698 892 3766 ulfinum
916 3696 1038 3761 nostris
1061 3699 1134 3779 jam
1158 3697 1317 3781 pertaesis
1345 3696 1513 3758 conventio
1541 3697 1627 3761 facts
1649 3709 1714 3777 est,
1746 3710 1782 3762 ut
1804 3694 1898 3761 Slsvi
1918 3696 2015 3760 fidem

667 3784 889 3850 Christianam
910 3785 1099 3871 reciperent.
1143 3781 1243 3847 Multi
1264 3802 1341 3866 ergo
1363 3800 1474 3846 eorum
1502 3781 1583 3845 falso
1612 3785 1766 3869 baptizati
1788 3795 1865 3849 sunt
1885 3814 1930 3833 -
1951 3783 2015 3847 Τει-

667 3872 742 3935 liter
757 3871 823 3936 illa
845 3872 979 3954 grandis
999 3870 1162 3958 expeditio
1184 3890 1257 3934 curn
1277 3870 1402 3934 modico
1424 3866 1639 3932 emolumento
1660 3869 1768 3933 soluta
1789 3883 1847 3936 cst.

585 3973 589 3981 “
700 3967 932 4038 Bamaliana.

495 4057 504 4073 ⁰
599 4096 604 4103 ·
659 4092 666 4108 ·
732 4077 903 4142 Exercitus
930 4097 967 4149 se
994 4077 1124 4143 lntres
1149 4086 1259 4165 partes
1286 4074 1395 4139 divisit
1416 4108 1455 4120 —
1486 4075 1600 4138 tertius
1622 4074 1782 4153 exercitus
1807 4095 1843 4136 se
1871 4073 2014 4137 accinxit

665 4165 707 4230 ad
730 4162 865 4230 Salaros
897 4184 970 4230 cum
989 4162 1157 4233 Alberone
1178 4160 1434 4248 Archiepiscoo
1466 4162 1666 4242 (Bremcnsi)
1689 4173 1722 4224 ct
1748 4159 2014 4247 aliis-Episcopis

666 4250 843 4333 Saxoniae,
866 4252 1022 4317 intererat
1042 4252 1214 4315 Heinrious
1235 4248 1314 4312 Dux
1335 4182 1530 4333 adolescens,
1553 4246 1713 4313 Allectus
1735 4243 1906 4321 Maronia,
1930 4245 2014 4311 Con-

667 4341 766 4405 radus
791 4340 830 4403 de
852 4339 991 4404 Witbin
1012 4337 1187 4402 etc·et'hl
1207 4335 1267 4401 tali
1289 4356 1325 4400 se
1345 4336 1521 4419 signabant
1544 4346 1655 4400 contra
1672 4334 1806 4399 Sclavos
1829 4332 2014 4397 charactere

666 4426 795 4510 (crucis)
823 4441 857 4492 et
884 4435 1110 4514 processerunt
1139 4424 1283 4488 obsidere
1311 4421 1420 4487 Dobin
1446 4433 1482 4485 et
1501 4422 1632 4504 Dimin3
1667 4423 1708 4485 ad
1735 4421 1882 4485 ultimum
1903 4417 2015 4484 Sclavi

586 4582 595 4599 ,
666 4517 886 4599 promiserunt
906 4513 1004 4578 fidem
1027 4511 1247 4577 Christianam
1268 4511 1422 4597 recipere,
1444 4510 1501 4575 sed
1522 4509 1682 4575 fallaciter
1704 4517 1916 4575 servaverint
1955 4504 2016 4571 Sic

664 4599 725 4665 illa
745 4602 879 4686 grandb
901 4600 1136 4688 expeditiossest
1156 4596 1288 4666 wlata-

700 4698 763 4758 ala
784 4696 935 4756 Stsdeasis.

733 4802 825 4872 Slavi
845 4807 966 4870 reversi
988 4806 1027 4870 de
1048 4804 1198 4871 Holsatia
1225 4806 1262 4869 in
1288 4814 1409 4870 terram
1437 4821 1527 4867 snam
1556 4801 1731 4891 oppugnati
1758 4812 1834 4868 sunt
1860 4801 1896 4866 in
1917 4798 2015 4881 Dent·

665 4913 743 4976 noyn
765 4906 798 4958 et
818 4892 939 4974 Dobyn
958 4912 1018 4981 per
1040 4895 1188 4959 comitem
1209 4891 1379 4962 liolsatiae
1400 4902 1432 4957 et
1452 4890 1576 4958 Dauos
1687 4940 1693 4952 .

696 4990 803 5073 'Cbron
822 4989 897 5050 sav.
913 4989 1088 5068 lalndenbrog
1104 5011 1134 5072 p.
1153 4993 1214 5053 tat.
